3342 5392
778 563 820 578 ..
867 526 909 596 10
940 528 995 580 ’.-

267 720 366 780 penus
397 721 454 766 nee
481 698 583 780 (idum
607 703 724 778 femina
754 724 872 768 nomen.
923 702 994 768 Hae
1020 699 1280 772 'exclamationes
1313 709 1389 769 sunt
1423 724 1501 789 apo·

269 804 439 887 strophae3
469 827 573 870 sermo
603 806 697 885 euim,
726 808 762 870 ut
788 806 854 871 illis
875 807 1100 886 Quintilianois
1126 813 1210 886 utar,
1242 814 1431 873 oonoeriitar
1459 815 1503 874 oi
1531 822 1535 829 ’

267 913 486 972 invocationem
501 914 635 987 aliquam
650 920 680 973 ei
702 915 882 974 inuidiosam
897 916 1147 990 implorationem.
1168 950 1211 959 —
1232 916 1296 976 Sed
1313 917 1367 976 illo
1383 935 1501 992 quoque

267 1021 394 1074 roratur
417 1017 547 1090 aversio,
578 1012 625 1076 sie
647 1011 784 1094 legimus
806 1012 863 1077 illo
887 1013 1076 1092 Quintiliani
1092 1014 1178 1105 loeo,
1201 1036 1281 1095 quoe
1302 1037 1323 1080 a
1340 1023 1501 1095 proposita

190 1195 192 1199 Ι
268 1119 445 1192 quaestione
467 1119 592 1180 aoauea
610 1120 792 1181 audientem.
839 1118 911 1195 Qua
941 1133 1013 1182 oum
1043 1117 1244 1200 apostropha
1265 1139 1329 1183 non
1350 1121 1500 1184 coniunc-

266 1223 335 1281 tum
358 1223 416 1295 est,
440 1217 527 1300 quod
549 1239 689 1301 persona
711 1219 821 1302 aliqua
846 1219 896 1284 vel
918 1241 971 1284 res
994 1219 1303 1304 compellatum
1325 1221 1398 1286 Huo
1413 1221 1502 1286 eadit

267 1319 335 1384 sine
357 1319 465 1398 dubie,
489 1320 575 1404 quod
598 1321 705 1386 Alex.
726 1321 807 1402 loeo,
830 1312 926 1406 quem
949 1344 1048 1406 supra
1072 1324 1276 1406 eognovimus
1299 1323 1499 1409 (Spengel.

266 1423 312 1487 Ill
335 1444 365 1506 p.
383 1427 422 1488 23
433 1425 494 1506 sq.)
518 1422 609 1488 addit
631 1424 728 1489 haee:
752 1429 879 1512 pluerat
901 1423 974 1512 oti,
995 1423 1194 1511 ἀποστροφὴ
1214 1428 1270 1494 καὶ
1289 1425 1371 1495 ὅταν
1390 1424 1500 1496 ἄλλων

265 1525 532 1612 μνημονεύοντες
557 1525 599 1607 ὡς
621 1529 819 1615 δυναμένων
842 1525 946 1596 ταύτά
968 1539 1103 1614 ποιῆσαι
1124 1529 1267 1612 τούτοις,
1288 1534 1363 1616 περὶ
1389 1521 1436 1598 ὧν
1458 1529 1501 1598 ola

264 1628 479 1716 ποιησώμεθα
502 1629 562 1698 τὸν
592 1631 704 1717 λόγον,
733 1630 779 1718 μὴ
812 1632 1042 1718 πεποιηκότων
1065 1634 1113 1714 δέ,
1146 1631 1216 1700 εἶτα
1245 1631 1284 1701 δι’
1311 1631 1424 1702 αὐτῶν
1445 1636 1501 1702 καὶ

177 1729 180 1734 ’
266 1731 517 1819 καθαπτάμεθα
550 1739 618 1800 τῶν
646 1729 836 1814 ἀντιδίκων,
868 1733 910 1814 ὡς
938 1736 1161 1823 Δημοσθένης
1184 1734 1224 1804 τά
1258 1735 1323 1805 ὑπὸ
1353 1742 1501 1805 Μειδίου

223 1873 224 1877 ,
265 1835 428 1920 γεγονότα
461 1836 665 1921 βουλόμενος
694 1835 884 1922 διαβάλλειν
921 1837 1088 1925 διαβάλλει
1123 1837 1163 1905 τά
1196 1840 1271 1924 περὶ
1298 1835 1500 1928 Ἰφικράτην,

143 2001 149 2011 ,
265 1942 393 2018 ,καίτοι
423 1941 526 2024 φασὶν
555 1935 748 2027 Ἰφικράτην
783 1943 863 2010 κοτὲ
902 1941 1032 2009 ἐκεῖνον
1060 1949 1199 2010 Διοκλεῖ
1233 1952 1280 2032 τῷ
1310 1952 1433 2011 Πιτθεῖ
1457 1943 1500 2011 ’τὰ

264 2041 405 2126 μάλιστα
429 2043 546 2110 ἐλθεῖν
567 2045 612 2122 εἰς
636 2044 770 2129 ἔχθραν,
795 2045 850 2111 καὶ
873 2044 920 2111 ἔτι
941 2043 1025 2129 πρὸς
1050 2046 1158 2136 τούτῳ
1182 2051 1357 2133 συμβῆναι,
1384 2051 1500 2114 Τισίαν

264 2142 324 2212 τὸν
359 2141 508 2230 ἀδελφὸν
538 2145 598 2214 τὸν
625 2142 833 2230 Ἰφικράτους
871 2144 1129 2234 ἀντιχορηγῆσαι
1165 2158 1212 2238 τῷ
1244 2157 1395 2217 Διοκλεῖ·
1429 2147 1496 2218 ἀλλ’
1580 2211 1586 2224 ,

188 2292 191 2302 ·
264 2246 353 2333 ὅμως
383 2248 527 2330 πολλοὺς
556 2250 640 2335 ἔχων
665 2248 874 2337 Ἰφικράτης“
903 2253 959 2318 καὶ
987 2249 1028 2318 τὰ
1057 2252 1139 2338 ἑξῆς,
1168 2249 1252 2333 ,οὐκ
1275 2253 1425 2339 ἐβάδιζεν
1446 2255 1499 2321 ἐπὶ

264 2350 321 2430 τάς
343 2357 411 2420 τῶν
425 2351 619 2438 χρυσοχόων
642 2351 747 2432 οἰκίας
768 2353 912 2439 νύκτωρ,
935 2351 1013 2422 οὐδὲ
1035 2354 1246 2442 κατερρήγνυ
1266 2355 1307 2424 τὰ
1327 2374 1500 2424 κατεσκευ-

264 2454 389 2542 ασμένα
412 2455 522 2539 ἱμάτια
546 2455 577 2534 ἐς
599 2455 661 2542 την
683 2454 823 2541 ἑορτὴν“
847 2459 902 2524 καὶ
925 2455 965 2524 τά
988 2457 1068 2543 ἑξῆς.
1111 2457 1173 2522 Ηίο
1195 2480 1293 2542 porro
1315 2459 1499 2524 afferendus

265 2563 315 2622 est
338 2557 563 2640 Longinus,
596 2559 651 2642 qui
678 2558 740 2623 hoe
770 2581 841 2624 esse
869 2560 1051 2644 exemplum
1074 2561 1293 2646 apostrophae
1315 2562 1411 2628 dicit:
1436 2559 1499 2632 οὐκ

264 2661 364 2741 ἔστιν,
392 2658 480 2740 ὅκως
511 2659 681 2748 ἡμάρτετε,
713 2661 758 2749 μὰ
782 2660 861 2743 τοὺς
889 2664 953 2749 [ἐν]
982 2671 1176 2748 Μαραθῶνι
1197 2663 1499 2749 προκινδυνεύσαν-

265 2790 322 2842 τας
344 2763 398 2847 (ol.
422 2763 607 2848 Spengel.
632 2766 646 2829 l
667 2787 697 2849 p.
716 2767 800 2850 267).

350 2866 541 2950 Priusquam
573 2868 668 2934 huius
697 2869 896 2954 paragraphi
921 2869 1017 2934 finem
1047 2869 1141 2951 lanio,
1171 2892 1212 2936 ne
1243 2893 1324 2955 qnos
1351 2873 1498 2939 omittam

262 2971 351 3034 loeos
382 2969 499 3053 quibus
530 2971 650 3037 mentio
681 2971 719 3034 fit
748 2970 882 3054 figurae,
924 2971 1026 3038 affero
1058 2994 1303 3058 anonymum
1338 2976 1498 3058 quendam

265 3073 318 3155 (ol.
343 3073 530 3162 Spengel.
553 3074 599 3139 111
626 3079 702 3155 1233
730 3077 804 3159 178)
827 3082 860 3139 et
879 3075 1082 3140 Zonaeum
1105 3077 1311 3161 (Spengel.
1333 3079 1380 3143 Ill
1408 3082 1498 3164 163);

264 3170 337 3241 eum
370 3197 446 3241 vero
481 3176 682 3242 definitiones
717 3199 828 3244 eorum
865 3178 1072 3263 amplissimis
1102 3180 1135 3244 in
1171 3179 1290 3245 finibus
1320 3191 1498 3260 versentur,

266 3280 414 3364 exempla
437 3301 548 3346 eorum
569 3282 688 3364 partim
705 3287 860 3366 corrupta
875 3283 948 3361 sint,
970 3284 1091 3367 partim
1106 3283 1187 3348 nihil
1201 3286 1390 3368 praebeant,
1411 3286 1499 3369 quod

264 3405 284 3448 a
311 3385 495 3468 praeceptis
524 3385 722 3468 reliquorum
751 3384 919 3450 rhetorum
948 3393 1023 3450 ante
1053 3386 1163 3451 allatis
1192 3387 1348 3466 discedat,
1379 3389 1419 3454 de
1448 3389 1498 3454 his

263 3487 343 3551 nihil
366 3485 548 3552 addendum
570 3509 640 3558 esse
662 3488 741 3552 mihi
763 3488 900 3554 videtur.

349 3645 366 3728 ἓ
390 3648 417 3708 3.
463 3642 671 3708 Intendamus
692 3644 792 3727 igitur
815 3645 940 3709 animos
962 3645 1004 3710 ad
1027 3647 1167 3710 alterurn
1197 3645 1303 3711 locum
1327 3647 1498 3725 Quinti-

263 3747 385 3825 liani,
409 3747 465 3811 ubi
481 3747 558 3811 item
573 3747 673 3811 verba
688 3745 771 3812 fiunt
786 3747 825 3812 de
842 3748 1059 3832 apostropha;
1082 3749 1127 3814 IX
1151 3756 1179 3827 3,
1197 3755 1237 3814 23
1261 3749 1355 3828 enirn,
1378 3749 1498 3828 rhetor,

263 3855 435 3932 postquam
470 3850 536 3932 egit
569 3849 609 3914 de
644 3850 756 3934 figuris
791 3851 986 3935 quibusdam
1018 3854 1254 3935 grammaticis,
1293 3853 1401 3919 addit:
1445 3860 1499 3918 ilia

264 3973 382 4030 quoque
402 3974 443 4017 eoo
458 3959 562 4018 eodem
584 3975 699 4033 penore
717 3965 849 4034 possunt
870 3961 979 4032 uideri,
1003 3962 1101 4039 atque
1123 3957 1262 4041 primurn
1286 3957 1382 4022 affert
1404 3964 1498 4021 inier-
1554 4041 1557 4046 ,

260 4061 440 4134 positionem
460 4063 508 4120 vei
527 4062 783 4135 interclusionem,
806 4065 889 4137 quod
906 4064 1019 4123 Graeci
1040 4060 1251 4143 ταρένθεσιν,
1264 4062 1499 4148 παρέριιτωσιν

263 4170 380 4238 uocant,
409 4165 478 4225 tum
506 4180 599 4224 vero:
629 4167 768 4238 alterum,
797 4161 912 4244 inquit,
943 4168 1026 4240 quod
1054 4174 1100 4226 eat
1129 4169 1195 4228 aas
1221 4172 1346 4244 fipuroe
1378 4174 1497 4228 senien-

263 4264 384 4340 iiaruni,
422 4285 502 4343 quoe
535 4260 734 4350 ἀποστροφὴ
766 4271 890 4341 dieitur,
928 4270 1034 4342 simite,
1069 4274 1127 4332 red
1158 4289 1218 4331 uon
1250 4289 1373 4332 sensum
1403 4278 1499 4332 mutui

263 4387 365 4431 uerum
387 4369 518 4442 armam
541 4373 717 4446 eloquendi:

439 4509 560 4583 Durior,
584 4490 700 4570 Marios
723 4528 921 4586 mapnosque.
937 4511 1086 4586 Camillos,

440 4613 603 4688 Scipiadas
626 4615 721 4674 duros
744 4613 820 4674 bello
844 4617 1087 4687 alemaniae
1113 4615 1236 4678 Caesar.
