3342 5392
682 532 878 594 ..7--

165 702 301 786 18691);
324 699 408 768 hene
428 722 504 768 vero
525 700 690 774 emoribus
712 723 775 770 non
797 717 912 770 amere
929 707 1047 788 postea
1067 723 1250 788 eognosaes.
1288 704 1324 770 ln
1343 703 1401 772 ille

162 805 337 872 Frenhii
352 794 635 874 'commentatione
665 829 762 890 quem
785 828 886 891 supra
907 808 1005 874 emuli
1026 807 1173 892 legun:-
1200 809 1400 893 avoivtsmg

109 973 112 979 .
162 921 288 976 vocetur
311 907 508 990 consummo,
532 932 599 974 cum
615 922 711 990 poeta
733 917 916 976 narratione
946 916 1123 991 interrupta
1143 917 1212 991 mse
1231 929 1401 992 persenam

163 1035 242 1093 quoe
264 1019 328 1092 avil
349 1021 397 1079 vel
416 1021 549 1092 levantes
572 1020 748 1094 alloquitur.
794 1013 887 1080 Unde
910 1013 1230 1081 henedefinition'em
1251 1015 1399 1080 hauserit

132 1162 136 1169 -
163 1117 211 1180 vir
234 1116 349 1182 doetus
369 1139 433 1182 uon
455 1110 562 1198 eddim
593 1122 719 1182 ueteres
741 1122 828 1182 uerte
852 1116 955 1182 sliter·
976 1117 1175 1188 intellexisse
1196 1117 1400 1204 manistram

121 1229 124 1236 '
162 1221 248 1284 inter
269 1241 380 1286 omnes
403 1219 578 1304 onustati).
624 1222 713 1300 Quae
739 1242 811 1285 cum
838 1221 886 1284 ita
908 1220 981 1298 sint,
1014 1241 1078 1287 non
1099 1242 1248 1287 veremur
1268 1243 1309 1288 ne
1329 1243 1400 1287 rem

162 1329 269 1387 aetem
291 1344 434 1405 egemus,
468 1325 496 1388 si
518 1345 538 1388 s
559 1323 743 1407 praementis
766 1329 911 1389 veterum
938 1324 1045 1390 exorsi
1066 1328 1167 1390 unm
1190 1324 1274 1391 hene
1300 1346 1398 1408 qnae·

162 1426 303 1492 stienem
320 1425 361 1491 de
381 1427 508 1512 integro
530 1431 674 1491 tractare
696 1427 895 1518 eonebimur.
1064 1511 1067 1516 ,

246 1523 317 1632 §ll
361 1548 534 1632 Aptissime
564 1567 637 1612 mee
666 1547 796 1631 quidem
827 1550 988 1614 sententia
1017 1547 1260 1633 proficiscemur
1285 1549 1328 1612 eh
1349 1569 1399 1628 eo,
1478 1550 1480 1555 ’

163 1651 220 1734 qni
249 1651 448 1746 provinciam
482 1651 700 1736 apostrophae
732 1672 783 1716 me
813 1652 944 1735 quidem
976 1651 1082 1716 indice
1112 1652 1232 1736 optime
1264 1651 1399 1716 eircum-

162 1754 301 1838 scripsit,
332 1754 655 1833 eQuintiliene.
707 1755 739 1820 Is
769 1756 854 1820 enim
883 1753 903 1819 l.
931 1755 977 1820 IX
1004 1760 1034 1833 2,
1057 1760 1194 1834 38—39,
1225 1760 1398 1839 postquem

162 1857 245 1921 dixit
274 1857 314 1921 de
327 1845 331 1852 ¹
346 1857 508 1922 nonnullis
542 1857 654 1940 figuris
685 1859 935 1924 sententiarum:
969 1879 1098 1923 aversum
1127 1880 1256 1938 quoqne,
1285 1858 1404 1941 inquit„

162 1983 182 2025 a
204 1967 306 2026 iudice
327 1982 435 2041 sermo,
459 1965 511 2040 qui
533 1967 647 2026 dicitur
667 1959 876 2048 ἀποστροφή,
898 1967 975 2026 mire
991 1972 1096 2038 movet,
1117 1967 1181 2025 sive
1201 1967 1400 2026 adversarios

162 2069 350 2129 invadimus:
381 2070 456 2144 quid
478 2071 562 2129 enim
586 2075 655 2128 luus
678 2070 738 2142 illa,
771 2069 902 2141 Tubero,
934 2070 966 2128 in
995 2070 1063 2130 acie
1084 2063 1307 2147 Personam)
1336 2070 1400 2128 sive

122 2233 125 2238 .
163 2175 206 2233 all
234 2173 452 2232 invocationem
481 2173 614 2248 aliquam
644 2174 866 2233 convenirem:
894 2167 964 2232 ‘uos
993 2174 1072 2233 enim
1102 2173 1163 2233 iam
1192 2189 1259 2247 eqo,
1289 2171 1400 2232 Albani

162 2276 267 2335 tumuli
298 2279 390 2350 alque
413 2267 490 2336 luci'
504 2271 546 2354 5);
585 2277 648 2335 sive
681 2277 725 2336 od
754 2277 935 2336 invidiosam
967 2275 1227 2350 implorationem:
1256 2268 1288 2334 ‘o
1317 2277 1400 2349 leves

162 2379 293 2438 Porciae
320 2381 462 2453 levesque
489 2379 688 2453 Semproniae
696 2371 718 2438 l'
732 2375 759 2458 6)
795 2382 852 2440 sed
879 2380 934 2439 illo
963 2395 1083 2454 quoque
1112 2385 1238 2438 vocatur
1268 2378 1398 2451 aversio,

163 2499 241 2556 quae
264 2499 283 2541 a
299 2482 463 2556 preposite
484 2483 661 2556 aversemur
684 2483 809 2542 abducit
825 2483 1017 2542 audientem:
1041 2483 1107 2542 Non
1123 2499 1179 2557 eoo
1197 2497 1266 2541 eum
1283 2481 1399 2541 Danais

166 2585 329 2645 Troianam
356 2585 524 2646 eumndere
550 2591 669 2660 ventem
694 2587 804 2646 Aulide
833 2587 935 2646 iuravi
957 2580 1044 2663 4-7).
1082 2587 1165 2660 quod
1184 2589 1221 2658 fit
1242 2591 1272 2644 cl
1297 2585 1397 2644 mullis

163 2694 192 2748 el
213 2689 308 2749 variis
332 2689 455 2765 ivurio,
485 2705 552 2748 cum
574 2695 628 2748 aul
650 2690 737 2750 uliud
767 2678 965 2764 exspectasse
993 2706 1049 2748 nos
1076 2695 1130 2749 aul
1157 2689 1255 2748 maius
1281 2688 1401 2763 aliquid
1484 2690 1495 2727 ’-

161 2792 295 2852 timuisse
317 2786 491 2852 simulemus
512 2798 567 2852 aui
581 2795 656 2867 plus
677 2793 777 2854 videri
792 2809 889 2868 posse
910 2791 1133 2877 invovocatione,
1156 2793 1248 2867 quale
1263 2798 1309 2852 est
1322 2807 1398 2866 pro-

162 2897 287 2956 oemium
302 2913 365 2971 pro
393 2895 504 2956 Caelio.
807 2888 810 2893 ’

247 2995 371 3059 Nomen
390 2994 491 3086 igitur
511 2994 635 3078 figurae
665 2995 755 3059 cuius
789 2996 836 3060 vis
870 2995 903 3058 in
936 2995 1066 3059 nomine
1102 2995 1173 3078 ipso
1209 2993 1317 3077 posite
1346 2997 1397 3057 est

163 3099 296 3164 aversio.
335 3097 428 3162 Unde
451 3119 526 3162 vero
548 3103 646 3189 etque
670 3119 734 3180 quo
751 3098 938 3163 ‘evertitur‘l
980 3100 1005 3162 A
1029 3096 1134 3162 indice
1155 3096 1197 3161 ed
1223 3117 1394 3180 personam

161 3201 304 3286 aliquam
335 3208 392 3266 eut
421 3223 498 3280 rem,
534 3207 572 3266 ut
609 3200 753 3265 definitio
785 3207 817 3266 et
849 3201 997 3286 exempla
1025 3198 1244 3280 Quintilianus
1271 3199 1397 3264 donent
1501 3253 1503 3257 .

162 3307 267 3389 Atque
291 3326 355 3388 quo
380 3305 474 3370 mollo
505 3305 543 3369 fit
570 3304 646 3370 telis
674 3305 822 3370 aversio?
867 3303 1083 3384 Quintilianus
1116 3303 1228 3368 attulit
1256 3303 1397 3386 primum

160 3411 226 3473 trie
248 3429 367 3492 genere
387 3407 618 3492 exemplorum,
646 3429 730 3490 quse
752 3408 838 3473 inter
860 3429 896 3472 se
919 3408 1094 3472 cohaerent
1114 3407 1172 3485 its,
1199 3412 1238 3470 nt
1257 3426 1398 3489 persona

161 3512 211 3576 uel
234 3534 295 3591 res,
324 3513 357 3576 in
381 3533 478 3595 quum
501 3531 606 3576 sermo
630 3511 797 3591 evertitur,
829 3533 889 3595 per
915 3510 1148 3595 apostropham
1177 3507 1399 3592 compelletur,

161 3621 226 3685 siva
247 3622 324 3680 enim
347 3621 550 3680 adversorios·
575 3620 755 3692 invadimus,
784 3620 848 3681 sive
869 3622 913 3680 acl
932 3619 1151 3679 invocationem
1173 3617 1311 3692 aliquem
1329 3632 1399 3682 com

162 3725 306 3783 vertimur
328 3725 392 3783 sive
414 3726 457 3784 ud
478 3723 657 3783 invidiosum
680 3723 929 3796 irnplorvlioaem.
973 3717 1062 3782 Idem
1092 3716 1179 3800 quod
1212 3715 1266 3779 hic
1287 3714 1399 3779 rhetor

161 3821 224 3886 illis
252 3822 365 3905 paucis
387 3822 492 3887 verbis
505 3821 590 3885 dixit
612 3820 729 3904 reliqui
753 3820 902 3886 rhetores
918 3821 1117 3885 Graecorum
1133 3825 1167 3884 et
1181 3819 1397 3904 Romanorum
1412 3851 1421 3866 -·

162 3944 202 3988 ex
228 3931 323 4008 perte
351 3925 518 3990 verbosius
552 3923 883 4007 circumscripserunt.
939 3923 993 3988 Sic
1026 3923 1110 3988 enim
1142 3923 1278 4006 legimns
1311 3919 1398 4004 opud

248 4131 481 4200 Dffimffim

247 4219 275 4284 2)
293 4217 365 4272 Vide
384 4237 410 4287 p.
429 4221 471 4272 35.

157 4347 163 4353 .
246 4306 273 4370 3)
291 4303 335 4357 De
352 4304 404 4358 huc
423 4305 510 4374 ligure
528 4305 563 4359 ef.
582 4302 696 4373 Quintil.
716 4301 760 4356 IX
777 4303 826 4370 233
849 4301 1057 4357 Volkmann.
1076 4301 1094 4357 l,
1113 4318 1133 4354 s.
1146 4318 1166 4353 s.
1186 4318 1213 4368 p.
1225 4300 1326 4366 ltlsq.

246 4392 273 4456 4)
292 4389 333 4444 cf.
351 4389 410 4444 oie.
430 4409 482 4459 pro
499 4390 561 4459 hig.
580 4394 605 4444 3.

247 4475 276 4541 h)
294 4474 335 4529 Os.
355 4475 411 4529 cic.
430 4494 481 4546 pro
500 4475 560 4529 Mil.
578 4479 619 4529 31.

247 4561 273 4627 a)
293 4560 334 4615 el.
354 4561 411 4616 cio.
430 4560 510 4615 Verr.
529 4560 557 4616 V
575 4562 616 4616 63.
683 4591 685 4596 ·

248 4647 274 4713 7)
292 4646 333 4701 Of.
353 4647 424 4702 Aen.
443 4646 487 4702 IV
504 4648 605 4716 425sq.
