3342 5392
712 491 927 556 ..23-

201 679 338 738 verrum,
356 679 450 744 quem
465 658 560 726 modo
576 665 766 743 tractamus,
781 662 997 748 percensebis,
1013 663 1170 731 concedes
1184 685 1244 750 per
1255 662 1436 734 vocativum

200 765 344 848 Icare,
365 762 396 829 h.
415 785 441 829 e.
465 787 525 849 per
547 765 780 852 apostropham
800 766 981 833 adhibitam
1003 768 1099 834 simul
1119 791 1248 854 quoque
1270 771 1437 837 commode

200 874 409 952 procreatum
433 891 502 936 esse
524 868 615 934 illum
639 890 762 941 merum
778 869 941 955 dactylum
964 871 998 936 in
1018 873 1130 956 quinto
1151 873 1234 958 pede
1256 875 1438 941 hexametri

202 973 427 1046 necessarium.
473 973 588 1056 Itaque
611 974 650 1040 de
678 973 740 1039 hoc
769 995 865 1040 versu
894 975 941 1040 sic
968 975 1091 1042 iudico:
1122 977 1190 1042 siue
1219 977 1318 1043 dubio
1346 978 1437 1044 locus

201 1082 251 1141 est
270 1077 340 1142 eius
368 1076 464 1155 modi,
497 1083 534 1142 ut
557 1076 717 1161 Vergilius
739 1076 882 1144 incidere
912 1079 1055 1162 potuerit
1085 1079 1118 1145 in
1148 1079 1311 1158 affectum,
1345 1082 1436 1147 cuius

201 1179 403 1262 significandi
434 1180 539 1259 gratia
571 1186 719 1247 uteretur
749 1181 965 1265 apostropha3
1002 1189 1130 1248 constat
1158 1205 1234 1248 vero
1265 1205 1324 1268 per
1351 1185 1435 1250 hanc

197 1283 335 1366 figuram
357 1276 452 1350 simul
474 1283 683 1350 difficultates
709 1283 867 1370 quasdam
891 1285 1042 1351 metricas
1064 1287 1203 1355 suiuus
1226 1294 1284 1352 aut
1306 1287 1431 1354 levatas

200 1408 280 1466 esse,
304 1387 391 1471 quod
411 1394 533 1454 temere
555 1409 594 1452 ac
614 1407 692 1452 casu
714 1387 871 1471 accidisse
893 1408 956 1453 non
974 1389 1135 1472 ,existimo

287 1489 357 1556 Hoc
378 1492 485 1575 capite
508 1491 608 1574 igitur
623 1488 772 1574 colligam
794 1490 881 1556 illius
899 1491 1017 1557 similia
1032 1493 1189 1578 exempla,
1211 1494 1267 1560 uhi
1281 1496 1313 1560 in
1330 1493 1435 1578 figura

200 1593 391 1679 explicanda
413 1594 636 1679 respiciendae
659 1579 734 1666 sunt
764 1600 803 1659 et
829 1595 1014 1661 interior
1043 1598 1217 1663 ratioet
1246 1599 1435 1664 metrica.

200 1700 306 1782 Atque
327 1697 467 1782 primum
490 1697 619 1781 quidem
643 1697 794 1766 tractabo
816 1697 858 1763 de
880 1697 969 1778 locis,
990 1699 1108 1783 quihus
1129 1722 1189 1785 per
1203 1702 1436 1786 apostropham

200 1801 407 1868 evitahautur
430 1801 553 1866 fornice
573 1793 768 1885 praebentes
793 1801 933 1885 speciem
956 1802 1068 1889 cretici
1077 1804 1114 1886 1).

285 1904 459 1970 Ordiamur
480 1904 522 1968 ab
545 1909 621 1969 Aen.
645 1903 714 1968 llll.
729 1908 873 1994 '538sq.:
899 1915 1094 1984 nectente,
1121 1912 1247 1973 Graium
1269 1912 1436 1986 firrtissirnc

204 1999 345 2085 Cretheu,
367 2013 492 2089 Eripuit
518 2013 619 2073 Turno
642 2057 650 2072 .
673 2062 679 2074 .
771 2013 804 2072 et
826 2013 941 2092 postea
963 2014 1121 2095 542aqq.:
1155 2015 1196 2076 Te
1218 2034 1337 2092 qaoque
1354 2018 1435 2078 Lou-

198 2123 302 2178 rentes
331 2118 484 2189 ciderunt,
508 2118 608 2190 Aeole,
638 2117 738 2192 eornpi
766 2117 918 2192 Oppetcre
947 2124 977 2177 et
1001 2120 1063 2178 lete
1092 2104 1207 2179 terrem
1237 2125 1437 2180 consternere

198 2229 294 2296 terpe.
344 2222 475 2295 Occidis,
499 2221 631 2298 Arpicce
660 2236 746 2294 quem
775 2237 835 2280 non
864 2226 999 2294 potuere
1014 2222 1189 2298 phaaneca
1217 2228 1358 2284 sternere
1379 2240 1437 2284 nec

92 2359 96 2364 -
198 2325 315 2386 Priami
345 2341 511 2401 reynerum
543 2339 670 2384 euersor
699 2323 848 2395 Achillem
886 2323 944 2383 Hic
972 2323 1027 2388 tihi
1061 2325 1167 2384 mortis
1200 2332 1291 2385 erent
1320 2333 1435 2388 metue:
1523 2359 1527 2366 ·

198 2432 303 2491 demus
325 2430 389 2489 alto
411 2426 466 2486 suh
489 2427 557 2499 Idu,
584 2425 716 2504 Lyrnesi
738 2428 843 2486 domus
866 2428 940 2498 olto,
968 2430 1032 2488 solo
1054 2427 1210 2488 Laurente
1228 2430 1434 2503 sepulchrum.

284 2511 417 2592 Pactam
438 2526 490 2590 his
505 2525 585 2591 locis
599 2547 659 2610 per
672 2524 905 2612 apostropham
921 2546 1013 2589 suum
1030 2547 1208 2592 maerorem
1229 2527 1434 2612 interponere

198 2632 337 2697 voluisse
352 2651 412 2715 pro
429 2635 517 2694 certo
532 2625 716 2695 habendum
735 2628 814 2693 mihi
829 2627 973 2709 videtur3
993 2636 1103 2695 tamen
1122 2650 1186 2696 non
1200 2630 1434 2721 neglegendum

199 2741 249 2802 est
276 2734 398 2803 formas
430 2736 629 2810 firrtissimurn
660 2739 699 2822 et
719 2738 852 2809 Aecum,
891 2753 973 2815 quas
1006 2739 1097 2798 recto
1132 2735 1289 2799 sermonis
1322 2734 1434 2801 ordine

198 2843 434 2924 exspectamus,
466 2837 508 2901 ab
531 2829 652 2902 eisdem
680 2836 827 2902 versibus
856 2836 974 2920 respui.
1019 2837 1176 2904 Similiter
1202 2849 1256 2903 re's
1277 2859 1312 2903 se
1334 2838 1434 2904 hahet

197 2944 231 3008 in
257 2963 362 3020 versu,
389 2941 445 3026 qui
475 2946 525 3005 cst
545 2939 612 3006 Ecl.
628 2941 672 3006 VI
687 2944 738 3023 41,
766 2935 823 3005 ubi
847 2937 985 3004 affectus
1011 2947 1129 3024 poetae
1155 2962 1215 3025 per
1238 2940 1432 3007 adiectivnm

197 3048 311 3121 infelix
332 3044 400 3110 fere
420 3043 636 3109 demonstrari
658 3042 795 3119 videtur,
818 3048 877 3108 aut
898 3044 976 3108 Aen
998 3043 1046 3108 Ill
1070 3048 1198 3128 710sq.‚
1227 3045 1283 3109 ubi
1307 3047 1433 3110 Aeneas

110 3211 113 3216 .
198 3147 372 3234 compellat
392 3147 553 3214 Anchisen
576 3147 639 3212 ita:
668 3152 719 3212 hic
745 3168 791 3231 me
811 3157 904 3228 puter
927 3152 1046 3226 optime,
1071 3154 1190 3227 sessum
1213 3152 1349 3225 Deseris,
1373 3154 1433 3213 beu

198 3258 290 3318 teretis
306 3257 488 3332 nequiquam
512 3261 617 3330 erepte
637 3255 776 3340 periclis.
805 3250 875 3329 Quo
898 3249 993 3316 modo
1010 3256 1129 3329 autem,
1154 3272 1284 3334 quaeso,
1307 3251 1432 3316 inseras

197 3356 261 3421 illis
284 3354 430 3420 versibus
453 3353 574 3419 formas
597 3358 746 3436 rirpinem
769 3360 802 3418 et
818 3358 967 3447 optinens?
995 3352 1139 3418 Eandem
1163 3375 1231 3418 reru
1253 3354 1432 3421 invenimus

196 3461 230 3524 in
253 3457 409 3543 exemplis
428 3456 622 3542 quibusdam
639 3456 813 3521 Ouidianis.
848 3455 934 3540 Lege
950 3477 1072 3541 quaeso
1088 3457 1196 3536 verba,
1220 3478 1303 3540 quae
1319 3463 1433 3531 extant

198 3584 218 3628 a
240 3583 335 3628 versu
358 3561 607 3627 hletllll1393
629 3581 733 3645 usque
756 3559 798 3625 ad
821 3581 949 3625 versum
965 3565 1045 3627 428:
1065 3559 1160 3626 facile
1182 3560 1338 3627 concedes
1354 3581 1432 3645 apo·

198 3666 350 3750 strophas
369 3667 401 3729 iu
415 3664 562 3730 versibus
586 3669 647 3730 393
672 3669 704 3729 et
725 3669 785 3729 421
813 3684 833 3728 a
856 3684 981 3728 summo
1001 3662 1113 3728 dolore
1128 3669 1245 3748 poetae
1268 3664 1430 3748 proficisci

197 3769 316 3850 videri;
338 3769 395 3834 sed
419 3774 558 3850 utroque
579 3766 652 3832 loco
675 3767 921 3851 circumscripta
943 3773 992 3832 est
1016 3767 1121 3832 forma
1148 3772 1317 3849 Opiter-um
1340 3768 1432 3850 atqui

198 3877 326 3938 constat
342 3871 490 3938 Ovidium
513 3871 575 3936 sihi
598 3871 807 3954 proposuisse
829 3870 914 3934 hanc
935 3871 1049 3954 legem,
1070 3876 1106 3936 nt
1128 3870 1260 3955 syllabis
1280 3870 1432 3936 finalibus

196 3977 230 4040 in
244 3997 272 4040 m
286 3975 428 4040 litteram
445 3974 637 4054 exeuntibus
653 3973 766 4040 eodem
781 3973 877 4066 modo
893 3980 1047 4054 uteretur,
1063 3995 1128 4058 quo
1144 3973 1248 4057 longis
1262 3973 1431 4059 syllabis-2)

283 4234 309 4302 1)
334 4232 415 4287 'I'ales
435 4250 537 4302 uersus,
563 4234 614 4296 ubi*
630 4233 748 4300 accedit,
775 4232 849 4302 quod
867 4232 949 4285 simul
966 4249 1017 4301 per
1040 4232 1183 4301 enallagen
1206 4249 1285 4285 casus
1302 4231 1345 4285 vel
1369 4249 1430 4301 per-

196 4339 279 4374 sonae
298 4319 470 4375 efficiebatur
488 4319 614 4389 dactylus
633 4337 724 4374 merus
744 4320 771 4372 in
790 4319 887 4387 quinto
906 4317 1062 4371 hexametri
1078 4317 1150 4386 pede
1163 4318 1208 4372 vel
1219 4318 1248 4370 in
1266 4323 1364 4387 quarto
1384 4322 1431 4372 aut

197 4408 293 4477 quinto
311 4406 485 4475 pentametri,
504 4410 601 4474 postea
620 4401 747 4475 colligam
767 4405 851 4458 tertia
869 4403 978 4458 decima
995 4403 1178 4474 paragrapho

281 4510 308 4578 2)
332 4507 374 4563 Cf.
392 4507 514 4576 Haupt
532 4506 675 4562 Observat.
695 4494 757 4561 crit.
777 4526 803 4577 p.
821 4509 871 4574 21;
896 4505 1029 4576 Opuecul.
1047 4506 1063 4559 I
1080 4524 1107 4575 p.
1120 4508 1169 4574 963
1194 4505 1368 4560 Draheim
1395 4506 1430 4560 de

196 4598 255 4650 arte
273 4593 390 4648 metrica
407 4593 529 4647 Hermae
540 4592 593 4647 vol.
600 4591 673 4648 XIV
690 4612 717 4663 p.
729 4594 795 4661 2555
813 4591 847 4646 L.
865 4591 1027 4647 Mueller
1045 4592 1081 4646 de
1095 4610 1125 4646 ra
1143 4595 1243 4646 metr.²
1259 4610 1286 4661 p.
1301 4594 1359 4646 347.
