3342 5392
673 531 888 624 -11-
999 538 1001 541 ·

235 707 361 770 Acutius
382 709 483 769 adbuc
503 696 535 766 iu
558 708 726 784 Polydoro:

324 831 387 889 Fur
409 846 495 919 outae
518 829 680 903 abrumpit,
703 829 888 903 Polydorum
911 827 1073 886 obtruncat
1095 831 1124 884 ct
1146 836 1224 885 curo

331 933 364 992 Vl
380 934 510 1007 potitur.
560 933 639 1004 boto
661 950 720 992 uon
742 933 885 991 mortalia
901 936 1033 1006 pectora
1056 931 1140 1005 copis

326 1037 404 1096 Auri
424 1053 518 1095 soora
537 1034 659 1106 somer?

235 1158 306 1217 Hoc.
322 1159 374 1232 qul
396 1164 456 1216 tom
472 1173 576 1231 paruo
597 1162 745 1216 momento
767 1155 936 1215 nominibus
965 1155 1180 1214 discreverunt
1208 1147 1386 1234 μετάβασιν

150 1267 268 1333 oocoul,
292 1278 381 1336 quom
404 1267 433 1319 ct
451 1261 542 1320 olitcr
561 1261 632 1332 ficri
648 1265 779 1334 putoul:
803 1260 879 1333 quid
900 1261 1027 1332 loquor?
1057 1263 1111 1316 out
1131 1257 1184 1316 ubl
1205 1258 1292 1314 sum?
1316 1272 1385 1313 cou-

150 1365 253 1424 tuuult
274 1357 373 1424 oulcru
395 1359 596 1442 παρένθεσιν
618 1369 648 1422 et
669 1354 890 1443 incorporabo
918 1360 1068 1434 Vergilius
1089 1361 1140 1419 illo
1163 1362 1246 1418 loco:

326 1485 644 1559 Haudproculinde
667 1484 746 1542 cltoe
769 1483 893 1541 Mettum
916 1482 948 1540 iu
972 1481 1094 1541 diuerso
1117 1481 1290 1555 quoorlpoe
1364 1467 1378 1513 ’-

327 1588 528 1659 distulerunt,
551 1584 598 1666 (ol
619 1593 650 1646 tu
675 1587 773 1658 dictis,
798 1586 922 1658 Albane,
945 1580 1116 1662 mouererl)

295 1726 297 1732 s
328 1691 542 1765 Roptobolque
564 1691 623 1750 olrl
645 1690 800 1750 meudocls
823 1690 943 1749 viscera
969 1689 1081 1749 Tullus.

239 1842 401 1906 Similia
423 1846 498 1906 sunt
517 1840 600 1906 haee
623 1840 770 1924 exeinpla
793 1840 861 1904 sine
878 1839 983 1905 dubio
997 1838 1281 1922 apostropharum,
1305 1857 1386 1917 quas

152 1947 260 2029 priore
279 1943 487 2028 paragrapho
503 1944 718 2026 cognovimuS,
743 1949 775 2007 et
796 1943 923 2008 illarum
952 1942 1091 2026 quidem,
1114 1941 1169 2006 ubi
1193 1960 1264 2004 cum
1280 1939 1385 2021 figura
1471 2025 1475 2032 ⁸

153 2050 357 2112 coniunctum
389 2053 469 2125 erat,
498 2047 584 2130 quod
615 2067 772 2131 personae
795 2046 846 2110 vel
868 2068 920 2110 res
943 2044 1239 2130 compellebantur3
1269 2043 1387 2108 etenim

152 2153 206 2215 hie
240 2173 368 2234 quoque
399 2152 590 2215 invocantur
620 2151 730 2233 aliqua
756 2169 896 2234 persona
923 2150 972 2214 vel
1002 2171 1055 2214 res
1084 2170 1144 2232 per
1173 2147 1388 2212 aversionem.

154 2256 283 2333 Tamen,
311 2255 366 2337 qui
397 2254 478 2318 haec
500 2260 533 2318 et
551 2254 608 2318 illa
631 2254 780 2344 exempla
802 2254 924 2318 maiore
947 2253 1116 2336 diligentia
1138 2272 1279 2334 curaque
1302 2271 1388 2313 eom-

43 2424 45 2427 ,
155 2359 341 2442 paraverit,
367 2364 540 2440 cognoscet
571 2377 721 2439 magnum
756 2356 927 2420 discrimen
958 2357 1042 2420 inter
1076 2375 1116 2418 ea
1147 2359 1268 2418 extare.
1320 2353 1391 2416 Illic

156 2462 242 2530 enim
266 2460 468 2524 efficiebatur
490 2460 540 2524 vel
563 2460 691 2542 quidem
720 2458 936 2524 simulabatur
957 2480 1016 2542 per
1037 2457 1268 2542 apostropham
1292 2455 1391 2520 eollo-

157 2566 276 2648 quium,
302 2564 354 2628 die
376 2563 472 2642 Ferm
496 2563 732 2629 dramatischer
754 2562 1003 2645 Uuterhaltung,
1030 2567 1068 2627 ut
1089 2560 1337 2626 Nitzsehius
1357 2560 1390 2622 in

156 2668 434 2744 commentatione,
465 2689 548 2750 quae
580 2672 645 2732 est:
675 2667 735 2732 Die
758 2666 963 2751 Apostrophe
992 2666 1026 2730 in
1053 2665 1130 2729 Ilias
1154 2664 1221 2729 und
1244 2662 1387 2748 Odyssea

157 2771 209 2854 (ef.
232 2771 387 2852 Philolog.
411 2771 486 2834 XVI
507 2793 537 2854 p.
557 2775 631 2854 151)
662 2770 760 2852 dixit3
797 2770 873 2834 illae
905 2768 1124 2854 apostrophae
1155 2766 1389 2851 spectabantur
1478 2816 1481 2821 ,

155 2877 187 2937 in
219 2874 395 2940 sententiis
417 2875 492 2957 (vox
515 2875 693 2938 sententiae
716 2875 768 2938 hic
789 2874 876 2938 idem
899 2872 1060 2957 significat
1087 2871 1174 2956 quod
1196 2870 1388 2935 Germanice

156 2978 256 3044 verbo
280 2977 394 3056 „Satz“
418 2977 597 3061 exprimere
614 2977 775 3058 solemus),
798 2976 883 3042 unde
905 2977 1085 3042 rectissime
1107 2997 1127 3040 a
1148 2974 1333 3040 rhetoribus
1356 2973 1389 3036 in

155 3102 288 3145 numero
310 3081 486 3162 figurarum
503 3102 591 3164 quas.
608 3102 759 3145 vocamus
782 3081 1016 3144 sententiarum
1038 3079 1252 3163 ponebantur.
1286 3077 1388 3142 Aliter

155 3207 208 3250 res
239 3207 272 3248 se
302 3182 403 3249 habet
431 3185 464 3247 in
492 3184 711 3269 apostrophiS,
740 3205 821 3266 quas
849 3184 911 3247 hae
939 3182 1147 3268 paragrapho
1176 3172 1408 3264 cognovimus.¹

157 3287 324 3352 Sententia
346 3308 404 3371 par
426 3286 562 3370 figuram
585 3287 638 3350 hic
661 3309 724 3352 non
748 3293 901 3360 mutatur,
933 3287 1127 3369 colloquium
1156 3306 1219 3348 non
1236 3283 1391 3361 efficitur,

157 3391 214 3456 sed
236 3392 382 3455 narratio
406 3391 631 3472 continuatur3
659 3391 739 3454 haec
763 3391 930 3455 aversio
953 3390 1007 3454 fit
1031 3391 1072 3453 in
1094 3388 1229 3452 medio
1252 3408 1390 3451 narra-

156 3495 288 3559 tionis
314 3500 458 3558 tenore
488 3515 561 3584 per
592 3495 814 3577 enallagen
846 3515 965 3558 casus
998 3493 1064 3557 vel
1093 3511 1302 3575 personae
1335 3490 1392 3553 in-

157 3603 468 3680 exspectatam,
503 3619 586 3681 quae
617 3597 717 3662 habet
748 3598 856 3677 etiam,
893 3603 930 3661 ut
958 3595 1148 3675 Quintiliani
1178 3594 1285 3659 uerbis
1316 3599 1391 3658 utar

161 3701 220 3787 (IX
245 3707 272 3780 3,
290 3703 354 3784 27),
377 3707 603 3765 similitudinem
625 3706 698 3777 oilli,
723 3701 799 3783 quia
822 3707 988 3783 tamquam
1012 3704 1168 3783 peccatur
1189 3699 1221 3760 in
1245 3697 1390 3761 ordinem

158 3810 283 3869 rectum
314 3808 413 3886 atque
435 3804 619 3868 institutum
640 3804 819 3868 verborum.
865 3802 935 3867 Hae
960 3802 1179 3887 apostrophae
1202 3806 1392 3884 spectantur

156 3909 255 3990 igitur
270 3909 303 3971 in
320 3906 454 3989 singulis
470 3907 586 3986 verbis,
609 3929 674 3990 qua
697 3907 860 3972 decausa
881 3908 967 3971 inter
986 3905 1108 3988 figuras
1130 3926 1214 3988 quae
1235 3910 1392 3968 vocantur

157 4010 328 4075 verborum
361 4010 528 4094 ponendae
560 4010 632 4074 sint.
683 4010 782 4092 Atqui
810 4030 904 4074 neme
934 4010 1037 4074 nescit
1068 4004 1189 4091 figuras
1219 4007 1392 4072 verborum

161 4134 231 4177 esse
266 4112 402 4177 duorum
435 4134 598 4195 generum,
635 4112 789 4178 rhetorici
821 4117 854 4176 et
887 4112 1098 4195 grammatici.
1150 4111 1281 4194 Species
1314 4131 1393 4193 apo·

159 4216 311 4302 strophae
328 4223 445 4294 autem,
468 4237 566 4299 quam
582 4216 676 4280 modo
699 4221 889 4295 tractamus,
914 4214 1088 4279 secundum
1113 4213 1390 4292 Quintilianum

159 4325 208 4384 est
238 4321 322 4384 inter
352 4319 473 4402 figuras
503 4320 740 4402 grammaticas,
775 4340 859 4402 quae
889 4340 1008 4383 sensuro
1039 4340 1099 4382 nou
1130 4328 1256 4393 mutout,
1288 4338 1391 4380 uerum

159 4434 273 4487 tantum
295 4426 425 4498 formum
447 4429 616 4503 eloquendi.

244 4527 378 4592 Praeter
412 4525 642 4604 Quintilianum
678 4526 732 4589 alii
765 4545 893 4607 quoque
930 4525 1077 4588 rhetores
1110 4524 1150 4586 de
1180 4523 1243 4586 hac
1275 4524 1391 4606 specie,

160 4650 256 4711 quam
279 4629 374 4694 modo
396 4629 610 4712 cognovimus,
634 4628 733 4692 verba
755 4627 918 4708 iecerunt,
949 4629 995 4691 sic
1017 4627 1101 4692 enim
1124 4625 1391 4692 Herodianus
