3342 5392
778 556 994 618 ...52-

269 726 338 791 sinc
371 725 470 791 dubio
505 725 625 809 optime
659 725 883 805 confirmatur,
915 727 1001 810 quod
1035 725 1237 791 Heinsius
1269 725 1309 792 (16
1341 725 1508 808 Homeri

142 905 144 909 ¹
192 811 193 814 ¹
269 830 395 894 ratione
409 828 709 894 dicendiiudicavit.
733 828 888 894 Similiter
900 831 1059 894 consentit
1070 829 1220 913 perbene,
1234 829 1319 913 quod
1331 830 1379 893 vir
1391 829 1508 894 doctus

270 932 310 998 de
339 932 566 1018 1166116616·
595 931 753 996 Rhodio
787 931 883 1011 dixit,
913 955 1067 1013 comeo,
1098 933 1184 1015 quod
1216 933 1249 997 in
1277 934 1505 1016 Argonauticis

270 1037 339 1100 eius
366 1029 529 1100 invenitur
557 1035 597 1100 de
627 1034 684 1099 illa
712 1035 825 1119 figura.
881 1036 918 1100 In
946 1035 1042 1101 huius
1071 1037 1224 1100 carminis
1254 1041 1336 1102 5833
1360 1037 1508 1101 versibus

270 1140 355 1205 enim
384 1138 536 1222 leguntur
562 1144 690 1203 tantum
721 1143 844 1223 septem
876 1139 1153 1224 apostropha01),
1186 1139 1304 1222 quibus
1333 1145 1434 1224 poeta
1468 1162 1509 1204 ex

271 1242 390 1308 affectu
423 1264 456 1307 se
492 1243 689 1325 interposuit
725 1244 915 1308 narrationi.
974 1242 1128 1325 Reliquos
1161 1243 1360 1307 Graecorum
1393 1247 1508 1326 poetas
1558 1282 1560 1285 -

270 1347 488 1433 perlustrare,
519 1344 597 1428 quid
619 1345 800 1432 praebeant
828 1346 868 1411 de
886 1346 1113 1430 apostropha,
1142 1351 1271 1430 tempus
1293 1345 1371 1410 mihi
1395 1345 1509 1424 defuit,

272 1449 358 1535 quod
382 1449 476 1514 valde
500 1448 603 1514 doleo.

239 1637 241 1640 Ι
319 1585 324 1592 ·
359 1553 531 1619 Vertamus
554 1574 612 1618 nos
633 1553 732 1636 igitur
755 1553 797 1618 ad
821 1553 991 1631 Romanoa,
1014 1574 1149 1635 quornm
1174 1553 1392 1636 apostrophae
1415 1574 1509 1617 usum

272 1656 487 1736 cognovimus.
531 1656 568 1720 ln
598 1656 723 1743 mugnis
754 1655 893 1722 heroicis
925 1655 1122 1721 carminibus
1146 1656 1363 1739 Vergilius
1389 1657 1422 1720 in
1452 1656 1510 1721 illa

274 1759 441 1824 aversione
458 1759 679 1846 dicendus'est
692 1759 910 1845 parcissimus.
949 1759 1048 1843 Atqui
1062 1759 1212 1824 inventae
1227 1761 1351 1824 suntin
1366 1760 1509 1824 Aeneide

273 1863 509 1950 quinquaginta
537 1867 604 1927 tres
634 1862 871 1946 apostrophae,
905 1883 1042 1947 quarum
1074 1863 1184 1945 viginti
1218 1885 1282 1928 666
1312 1863 1380 1928 6166
1410 1862 1510 1927 dubio

270 1965 496 2050 profluxerunt
519 1987 558 2030 ex
581 1965 709 2044 affectu,
734 1987 805 2030 cum
822 1967 936 2048 viginti
959 1987 1016 2030 sex
1038 1965 1119 2030 locis
1138 1967 1251 2030 eadem
1272 1967 1407 2051 interior
1422 1967 1508 2030 ratio
1563 1970 1566 1974 ’

272 2067 503 2134 verisimillima
532 2069 689 2134 videatur.
741 2069 791 2134 Ex
819 2069 870 2134 his
901 2069 1119 2152 quadraginta
1147 2076 1270 2154 septem
1301 2069 1509 2152 apostrophis

271 2172 354 2236 fiunt
375 2172 593 2256 septendecim
616 2194 675 2256 661
698 2172 855 2255 quasdam
878 2194 1034 2256 personas
1068 2194 1088 2236 a
1118 2180 1228 2256 poeta:
1254 2173 1424 2256 loquentes
1461 2173 1510 2236 in-

271 2277 405 2356 ductas,
434 2275 544 2341 tricies
567 2297 643 2340 vero
665 2276 826 2358 Vergilius
851 2278 920 2361 ipse
951 2283 1074 2342 1661616
1088 2283 1198 2359 atque
1226 2277 1410 2340 institutum
1434 2297 1509 2340 nar-

272 2379 407 2444 rationis
439 2378 583 2444 ordinem
606 2378 662 2447 illo
694 2378 788 2444 modo
811 2381 949 2444 mutavit
978 2401 1054 2444 snos
1076 2380 1178 2463 ipsius
1201 2379 1338 2444 affectus
1367 2379 1511 2462 interpo-

223 2551 225 2555 ,
273 2481 369 2547 nendi
389 2483 531 2564 gratias.
557 2482 590 2548 Si
613 2503 689 2546 vero
720 2482 916 2561 deliberabis
941 2483 1112 2548 Aeneidem
1141 2489 1290 2557 constare
1319 2488 1447 2546 tanturn
1470 2505 1512 2546 ex

273 2592 356 2652 9896
387 2585 533 2650 versibus
571 2592 669 2668 atque
707 2585 944 2650 hos-numeros
976 2586 1182 2669 comparabis
1209 2608 1282 2650 cum
1312 2586 1392 2665 illis,
1429 2608 1511 2669 quos

275 2687 482 2772 cognovimus
509 2688 595 2772 apud
618 2688 796 2754 Homerum
827 2696 860 2752 et
884 2689 1086 2772 Apollonium
1111 2689 1289 2766 Rhodium,
1318 2689 1387 2754 sine
1410 2689 1511 2754 dubio

274 2791 462 2857 assentieris
477 2790 555 2878 mihi
575 2791 795 2875 progredienti
815 2792 902 2856 ultra
921 2791 964 2869 id,
984 2792 1072 2877 quod
1090 2792 1293 2859 Heinzius
1312 2792 1332 2856 1.
1349 2815 1375 2856 6.
1391 2776 1512 2874 6’.364;

273 2897 328 2975 „In
352 2894 410 2959 der
425 2895 570 2974 Α66616“,
595 2895 709 2978 inquit,
732 2895 857 2976 „streht
872 2895 983 2978 Vergil
1006 2895 1064 2960 mit
1079 2896 1294 2960 Bewusstsein
1317 2896 1369 2961 die
1386 2895 1511 2979 gleiche

274 2998 488 3084 Objektivitiit
511 2999 591 3082 (scil.
616 2999 749 3063 Homeri
775 3005 808 3064 et
832 2997 1005 3083 Apollonii)
1037 3019 1096 3080 nn;
1126 2998 1206 3064 aber
1235 3020 1310 3064 man
1343 3000 1443 3065 meint
1471 3022 1512 3064 zu

202 3139 204 3147 2
273 3101 421 3182 merken,
452 3101 513 3166 wie
540 3101 662 3168 schwer
693 3122 727 3166 es
755 3101 822 3168 ihnr
845 3103 934 3181 wird,
964 3103 1009 3167 sie
1033 3101 1284 3184 iestzuhalten“;
1316 3108 1360 3167 61
1379 3111 1512 3186 postea:

203 3193 205 3198 ’
273 3206 340 3286 „Im
378 3205 605 3290 wesentlichen
648 3205 727 3270 aber
771 3205 890 3289 drangt
930 3205 988 3270 der
1025 3206 1158 3270 Dichter
1194 3203 1383 3290 (Vergilius)
1421 3206 1512 3279 66166

274 3308 492 3393 Empfindung
521 3307 723 3392 konsequent
753 3308 874 3374 nuriiclr
905 3309 970 3374 und
996 3301 1067 3374 hiilt
1097 3308 1165 3373 sich
1196 3309 1280 3373 nach
1301 3309 1514 3392 Mdglichlreit

274 3435 316 3478 an
346 3413 398 3478 die
426 3412 570 3494 wenigen
600 3414 738 3476 6661166
767 3435 806 3476 zu
835 3412 1038 3496 subjektiven
1068 3415 1333 3495 Aeusserungen,
1365 3412 1416 3477 die
1444 3412 1512 3477 ihm

274 3516 396 3581 Homer
418 3515 566 3580 darbot.“
610 3513 768 3599 Equidem
793 3536 908 3580 666666
930 3516 1180 3598 Vergilium,
1211 3522 1369 3599 qnantum
1392 3537 1433 3580 ex
1455 3515 1513 3580 illa

275 3619 476 3703 apostropha
495 3618 633 3682 indicari
659 3603 775 3701 potest,
799 3619 966 3702 aliquanto
991 3618 1093 3700 magis
1116 3639 1192 3682 suos
1214 3617 1351 3699 affectus
1366 3619 1514 3684 versibus

274 3721 506 3807 interposuisse
538 3743 633 3804 qnam
653 3722 872 3787 Homerum
896 3728 929 3785 et
952 3721 1220 3805 Apollonium
1255 3727 1355 3805 atque
1384 3722 1515 3789 minime

276 3825 417 3889 animum
440 3824 487 3889 ita
509 3824 707 3898 cohibuisse,
738 3830 775 3889 ut
796 3825 1000 3889 Heinzius
1020 3825 1128 3890 verbis
1159 3847 1259 3910 66616
1288 3825 1396 3890 6116116
1427 3824 1515 3890 (11611.

362 3928 411 3993 Ex
437 3928 664 4012 Argonauticis
691 3927 833 3992 Valeri
865 3928 1010 3993 Flacci
1043 3949 1142 4012 supra
1171 3928 1267 3993 attuli
1296 3929 1516 4013 quadraginta

277 4033 340 4097 duo
364 4031 529 4115 exempla,
561 4030 617 4096 ubi
645 4030 845 4115 apostropha
874 4052 914 4096 ex
943 4031 1062 4096 affectu
1089 4031 1235 4114 intellegi
1262 4032 1386 4116 'potuit3
1416 4038 1516 4115 poeta

279 4137 350 4220 ipse
365 4135 443 4200 16611
458 4136 658 4201 aversionem
673 4134 761 4222 illam
778 4135 889 4199 tricies
904 4135 1019 4216 semel,
1036 4135 1075 4199 de
1090 4134 1214 4218 figurae
1230 4157 1290 4200 usu
1305 4137 1340 4214 P,
1357 4136 1516 4200 Terenti

276 4239 484 4324 Varronis
500 4239 691 4318 Atacini,
710 4239 765 4322 qui
785 4237 887 4302 multo
910 4243 1009 4302 antea
1024 4245 1219 4317 Arponuutar
1234 4239 1283 4304 vel
1299 4245 1517 4320 Arponoutico

190 4409 192 4413 ,
276 4343 422 4426 scripsit,
458 4343 503 4407 nil
532 4343 612 4406 certi
644 4341 708 4406 dici
742 4347 868 4426 potest,
901 4343 1052 4424 quoniam
1086 4347 1190 4406 restat
1205 4402 1207 4405 .
1222 4348 1349 4416 tantum
1379 4344 1517 4426 exiguus

276 4466 430 4514 numerus
460 4467 626 4510 versuum:
659 4447 692 4509 in
722 4445 772 4509 his
802 4444 932 4509 circiter
958 4445 1072 4528 viginti
1100 4445 1246 4510 versibus
1278 4451 1403 4524 autem,
1433 4467 1517 4528 quos

367 4671 393 4738 1)
413 4669 429 4722 1
448 4669 529 4740 1511
548 4671 613 4737 ros3
632 4667 676 4724 IV
694 4669 808 4737 445sq.;
829 4670 960 4737 neem,
980 4670 1063 4736 rass;
1082 4669 1159 4734 iesu
1183 4669 1257 4724 1706.
