3342 5392
789 529 1005 604 ...42-

279 722 388 766 amore
409 703 477 766 'sive
497 700 719 767 misericordia
734 701 799 767 sive
817 701 908 766 luctu
924 701 990 767 sive
1006 700 1080 768 odio
1096 700 1319 785 similibusque
1342 699 1515 766 affectibus

278 805 472 872 inflammari
503 806 614 892 possit.
659 806 737 871 Inde
761 811 810 870 est
838 804 911 870 luce
937 805 1057 870 clarius
1080 805 1366 888 Metamorphoses,
1389 805 1514 885 Festos,

281 912 390 972 llrteru
422 917 528 986 amat,
560 910 689 974 Remed.
720 931 819 974 amor.
852 911 953 976 multo
983 909 1112 992 aptiora
1142 908 1242 972 luisse
1270 908 1394 991 figurae
1417 929 1514 991 quam

280 1012 495 1077 Medicamina
517 1013 578 1076 1110.
601 1013 674 1076 fem.
719 1013 798 1078 'lum
823 1035 899 1077 vero
922 1013 1100 1077 concedent
1121 1034 1230 1075 omnes
1254 1011 1375 1075 talibus
1399 1014 1514 1076 carmi·

278 1115 372 1180 nibus
401 1116 489 1180 velut
518 1116 713 1182 lleroidibns
742 1123 799 1181 aut
828 1117 984 1200 Epistulis
1008 1138 1047 1180 ex
1077 1117 1188 1195 Ponto,
1222 1137 1305 1198 quae
1336 1115 1377 1179 ad
1408 1121 1515 1180 certas

279 1221 436 1301 quasdam
459 1241 615 1303 personas
638 1220 755 1284 missae
778 1221 980 1297 simulantur,
1009 1220 1208 1284 aversionem
1231 1219 1272 1282 ab
1295 1219 1346 1282 his
1368 1219 1515 1302 personis

279 1322 320 1385 ad
344 1322 439 1386 aliam
469 1344 639 1406 personam
672 1331 729 1387 aut
757 1344 825 1388 rem
855 1322 974 1386 factam
1006 1344 1068 1386 non
1099 1322 1247 1386 idoneam
1277 1321 1377 1385 luisse
1401 1322 1514 1385 eodem

279 1425 373 1489 modo
397 1431 495 1508 atque
518 1426 714 1490 carminibus
737 1427 846 1509 epicis.
892 1427 1037 1508 Denique
1053 1427 1106 1488 vix
1120 1424 1300 1503 miraberis,
1324 1425 1409 1506 quod
1424 1424 1512 1488 idem

278 1535 384 1612 poeta,
409 1529 500 1593 cuius
523 1531 626 1594 maior
642 1529 794 1594 numerus
810 1529 1080 1613 apostropharum
1098 1535 1187 1592 recte
1203 1527 1422 1592 adhibitarum
1439 1549 1514 1611 pro·

279 1633 370 1716 prius
386 1637 444 1711 est,
468 1635 613 1700 crebrius
628 1633 734 1716 figura
749 1633 871 1697 abusus
887 1638 945 1710 est,
972 1634 1123 1715 quoniam
1141 1636 1244 1714 magis
1263 1653 1302 1695 11
1317 1637 1513 1694 assueverat.

278 1735 463 1799 Excusatur
478 1737 574 1800 111111
590 1736 722 1819 paulum
747 1742 804 1800 aut
826 1736 972 1800 elevatur
987 1735 1125 1800 andacia
1140 1735 1242 1812 Ovidi,
1265 1755 1337 1799 0111
1354 1733 1514 1799 delibera-

278 1860 349 1902 mus
380 1860 450 1902 eam
483 1841 603 1903 factam
635 1861 704 1904 esse
733 1838 820 1903 haud
851 1861 927 1902 raro
957 1839 1041 1902 hono
1070 1838 1212 1916 consilio,
1245 1844 1282 1902 ut
1315 1859 1425 1901 versus
1454 1859 1515 1920 per

278 1963 383 2006 meros
412 1941 557 2025 dactylos
587 1942 709 2026 liquide
742 1942 940 2026 profluentes
975 1947 1181 2022 crearentur,
1221 1940 1367 2005 Ovidium
1403 1946 1512 2004 autern

277 2045 379 2109 multo
410 2046 531 2109 maiore
562 2046 668 2110 studio
697 2046 892 2129 appetivisse
920 2045 1084 2109 levitatem
1107 2067 1257 2109 versuum
1272 2044 1430 2126 'Vergilio
1458 2045 1514 2126 qui

277 2149 398 2213 formas
414 2170 528 2232 graves
551 2150 754 2232 1101111011,
780 2169 863 2232 quas
885 2149 996 2231 lingua
1012 2148 1128 2212 Latina
1146 2149 1175 2212 ei
1198 2147 1387 2231 praebebat,
1410 2145 1514 2211 haud-

277 2273 440 2334 quaquam
465 2274 590 2316 snmma
619 2275 690 2317 cum
713 2252 881 2335 diligentia
904 2252 1056 2330 evitabat,
1089 2253 1173 2315 inter
1203 2273 1313 2315 omnes
1342 2256 1470 2314 1111111
1491 2253 1513 2333 ).

363 2356 412 2418 Ex
444 2355 494 2419 his
523 2357 618 2419 modo
650 2356 745 2420 dictis
775 2361 889 2419 autern
914 2356 1034 2438 optime
1062 2354 1293 2437 intelleguntur
1320 2354 1428 2417 omnia
1449 2353 1514 2416 dis-

277 2459 421 2538 crimina,
452 2481 535 2542 quae
566 2460 771 2541 cognovimus
806 2460 840 2522 in
867 2459 1085 2542 apostrophos
1106 2481 1166 2522 usu
1193 2458 1279 2522 inter
1304 2456 1450 2521 Ovidium
1475 2478 1515 2519 10

277 2562 454 2645 Vergilium
478 2568 511 2626 et
532 2563 618 2626 inter
640 2562 767 2646 singula
788 2563 933 2625 carmina
953 2564 1132 2643 utriusque.

771 2853 920 2920 CAPUT
943 2853 1015 2919 ΙΙΙ.
1092 2894 1094 2898 -

319 3007 323 3014 “
364 3015 454 3092 120.
501 3010 658 3089 Quoniam
690 3010 729 3074 de
753 3011 939 3093 Vergiliano
963 3016 995 3074 et
1019 3009 1174 3099 Ovidiano
1205 3010 1423 3095 apostrophos
1452 3032 1515 3074 usu

277 3113 356 3179 11111
391 3113 576 3196 1111111112),
608 3115 814 3196 accingamus
842 3135 900 3178 nos
930 3113 971 3177 ad
1002 3113 1133 3177 tertium
1167 3119 1266 3196 caput
1295 3113 1512 3192 tractandum,

278 3240 355 3299 quo
379 3217 493 3282 modo
524 3217 788 3300 reliquorum
818 3223 1036 3300 poetarum
1061 3218 1330 3280 Romanorum
1361 3216 1514 3280 claris-

275 3322 385 3400 simi,
422 3323 654 3406 praecipue
692 3321 1021 3406 dactylicorum,
1052 3321 1352 3405 usurpaverint
1387 3319 1514 3384 illam

278 3425 592 3509 apostropham,
625 3447 703 3507 qua
733 3425 775 3488 in
805 3446 846 3489 re
876 3445 935 3488 me
966 3424 1012 3487 ad
1046 3422 1348 3487 illustrandum
1372 3424 1521 3487 Roma-v

277 3549 419 3592 norum
461 3549 576 3592 usum
619 3515 823 3593 nonnulla
865 3548 1030 3616 quoque
1068 3526 1300 3592 allaturum
1339 3547 1429 3591 esse
1467 3549 1514 3591 ex

278 3630 455 3696 Graecis
486 3653 613 3715 supra
642 3632 826 3714 promisi.
850 3631 1065 3713 —Figuram
1089 3631 1153 3693 iam
1177 3617 1409 3711 antiquissimis
1432 3635 1515 3694 tem-

277 3734 411 3818 poribus
442 3733 586 3798 Graecae
620 3735 726 3818 poesis
756 3735 902 3798 extitisse
932 3733 1112 3797 Homericis
1146 3732 1352 3816 apostrophis
1383 3733 1515 3797 demon-

278 3843 409 3902 stratur.
465 3837 543 3902 Cum
582 3859 657 3902 vero
693 3859 757 3920 qua
791 3839 918 3901 ratione
952 3828 1128 3921 permotus
1153 3828 1207 3899 ille
1242 3843 1339 3918 poeta
1375 3835 1516 3919 figuram

278 3940 463 4018 adhibuerit
495 3947 764 4005 commentatores
792 3941 878 4005 inter
899 3963 933 4005 se
954 3941 1125 4005 dissentire
1156 3960 1256 4022 supra
1285 3939 1516 4033 audiverimus,

365 4149 388 4213 l)
408 4147 521 4201 Dehas
541 4165 571 4200 11
590 4148 691 4211 confer,
720 4149 793 4215 quod
818 4148 949 4201 dixerunt
972 4145 1160 4200 Drobisoh
1187 4146 1294 4212 (Sachs.
1315 4145 1466 4201 Gesellsch.
1488 4148 1514 4202 d.

279 4231 447 4287 Wissensch.
467 4232 646 4288 Phil-histor.
658 4233 758 4286 Klasse
779 4235 845 4288 1866
864 4253 890 4302 1.
905 4235 937 4286 75
945 4251 1018 4301 sqq:
1037 4232 1091 4285 11111
1110 4232 1431 4286 stetistiseherVersuch
1443 4235 1515 4287 iiber

277 4319 321 4372 die
344 4319 463 4373 Formen
483 4320 538 4373 ‘des
560 4320 606 4372 let.
629 4319 810 4385 Hexemeter)
840 4325 868 4372 et
898 4318 1085 4387 Hultgren
1113 4317 1200 4386 (Neue
1217 4317 1300 4371 dhrb.
1327 4318 1344 4370 f.
1363 4317 1435 4370 Phil.
1456 4321 1513 4387 107,

278 4408 353 4473 1873,
372 4423 398 4474 p.
418 4407 467 4458 745
477 4423 549 4474 sqq:
569 4405 623 4460 Die
642 4405 766 4460 Technik
784 4407 834 4460 der
852 4414 920 4458 rom.
933 4404 1051 4458 Dichter
1072 4405 1110 4456 im
1130 4404 1260 4472 episohen
1279 4405 1336 4456 und
1355 4404 1514 4473 elegisoheu

276 4491 440 4560 Versmass).

363 4579 390 4644 2)
415 4577 566 4644 Nonnulla,
595 4595 663 4646 quae
692 4578 727 4630 ad
752 4577 854 4630 horum
883 4582 1028 4646 poetarum
1056 4576 1238 4645 apostrophos
1269 4578 1417 4644 pertinent,
1448 4576 1513 4632 huic

277 4663 476 4718 dissertationis
494 4665 566 4733 parti
585 4663 683 4718 melius
701 4663 847 4718 inserenda
865 4681 924 4717 esse
942 4665 1046 4732 putavi.
1503 4654 1507 4660 ⁵
