3342 5392
775 473 990 534 ..3ss-

263 645 389 726 potest:
420 640 600 726 Daphnidis
631 641 737 726 gratia
765 643 874 707 omnia
902 645 978 706 sunt
1003 640 1106 720 dicta,
1140 639 1181 705 de
1210 639 1306 705 huius
1337 645 1440 706 morte
1470 644 1505 706 et

265 745 522 824 consecratione,
545 751 589 809 -ut
610 746 658 810 ita
679 745 801 823 dicam,
830 747 863 810 in
892 745 1034 810 carmine
1063 745 1186 828 agitur,
1215 743 1301 808 unde
1323 765 1382 809 our
1403 750 1505 828 poeta

266 848 416 932 Daphnin
446 847 569 912 maiore
591 852 757 931 tamquam
781 848 903 913 honore
926 847 1072 913 affecerit
1099 867 1195 932 quarn
1217 845 1383 913 Phoebum
1406 846 1502 912 deum

265 951 386 1035 optime
407 950 624 1035 intellegatur.
669 951 772 1016 Aliter
794 973 847 1016 res
869 950 1025 1015 sehabet
1047 951 1081 1015 in
1104 950 1256 1015 versibus·
1272 951 1327 1033 qui
1350 951 1505 1034 leguntur

265 1055 342 1120 Aen.
361 1053 408 1119 111
431 1060 490 1120 118
507 1075 591 1138 sqq.:
624 1058 676 1118 Sic
698 1057 783 1130 fains
805 1060 928 1118 meritos
950 1061 1016 1119 cuir
1037 1060 1180 1119 mactavit
1199 1060 1341 1131 honores,
1370 1059 1505 1118 Taurum

264 1163 413 1237 Neptuno,
431 1168 551 1223 innrnnr
571 1161 635 1234 tihi,
645 1163 901 1239 pulcheralpolic,
924 1163 1053 1238 Niprnm
1069 1163 1165 1222 Hiemi
1174 1164 1335 1239 pectinent,
1353 1163 1505 1238 Zephyris

264 1263 406 1335 felicibus
439 1265 547 1326 albani.
622 1260 703 1339 Gur,
736 1281 873 1345 quaeso,
913 1261 1075 1346 Vergilius
1116 1260 1289 1345 compellat
1321 1260 1504 1344 Apollinem

265 1363 392 1428 solum?
437 1363 550 1428 Nonne
581 1369 674 1429 erant
698 1364 752 1428 hic
769 1361 894 1430 ‘ecdem
925 1365 996 1430 iure
1023 1365 1195 1429 invocandi
1226 1365 1343 1448 reliqui
1372 1363 1424 1428 dei
1447 1365 1505 1447 qui

266 1467 495 1532 nominantur?
540 1466 661 1532 Eadem
685 1468 767 1532 mira
797 1488 850 1533 res
880 1468 1043 1533 invenitur
1070 1468 1404 1549 Aeu.V1249sqq.:
1437 1473 1505 1546 ipre

266 1575 328 1634 otri
350 1575 471 1634 velleris
493 1591 605 1651 upnnm
621 1575 741 1636 Aeneae
763 1576 855 1636 matri
870 1575 1070 1637 Eumenidum
1092 1591 1283 1652 mcpnoeqne
1304 1575 1407 1634 sorori
1422 1575 1505 1634 Enoc

265 1675 342 1747 serit
372 1680 565 1753 sterilemque
597 1678 665 1750 tibi,
699 1680 900 1754 ihorerpinc,
935 1695 1068 1752 coccum,
1102 1680 1160 1739 aut
1190 1674 1256 1739 Ecl.
1284 1674 1409 1740 11190:
1447 1679 1506 1750 Qui

268 1781 393 1870 Bauium
416 1799 476 1842 non
500 1783 572 1854 odii,
595 1788 674 1842 umet
699 1781 752 1842 tna
774 1783 923 1855 carmine,
946 1783 1055 1844 Maeni.
1159 1767 1161 1771 ¹

216 1955 218 1960 ¹
350 1879 439 1945 Nihil
471 1885 529 1960 est,
563 1900 622 1944 cur
649 1886 747 1964 poeta
776 1881 1003 1965 Proserpinam
1036 1881 1157 1946 maiore
1192 1880 1316 1946 honore
1355 1880 1504 1945 affecerit

268 1987 365 2067 quam
381 1988 518 2048 matrem
534 1983 746 2048 Eumenidum
771 1989 805 2048 et
825 2004 974 2068 magnam
992 2005 1136 2050 sororem
1152 1990 1210 2049 aut
1224 1983 1384 2049 Maenium
1402 1984 1506 2067 magis

267 2086 400 2153 laeserit
423 2107 519 2169 quam
544 2085 689 2152 Bavium.
839 2086 842 2092 ’

307 2201 309 2205 ’
356 2189 489 2254 Ovidius
512 2190 660 2274 exempla
681 2190 809 2256 illorum
834 2191 952 2256 similia
966 2190 1111 2275 praebet.
1149 2190 1234 2274 Lege
1250 2211 1371 2273 quaeso
1392 2211 1507 2255 versus

269 2293 324 2375 qui
346 2297 421 2358 sunt
443 2292 519 2358 Met.
543 2292 572 2356 X
594 2301 632 2359 41
652 2314 737 2377 sqq.:
772 2293 820 2357 De
843 2293 989 2371 Tantalo,
1013 2295 1132 2372 Ixione,
1155 2293 1321 2359 Belidibus
1343 2299 1507 2372 narratur,

268 2396 376 2461 subito
391 2396 562 2461 invocatur
576 2417 635 2480 per
651 2396 819 2480 enallagen
835 2417 993 2480 personae
1009 2397 1173 2482 Sisyphus.
1212 2396 1287 2461 Met.
1300 2397 1344 2462 lv
1361 2403 1422 2462 753
1435 2418 1506 2480 sqq.

265 2498 419 2582 legimus:
450 2503 504 2562 Dis
536 2502 633 2564 tribur
664 2505 715 2563 iile
743 2502 830 2577 socos
859 2506 980 2566 totidem
1009 2508 1048 2567 de
1076 2506 1211 2581 caespite
1235 2506 1335 2580 ponit,
1373 2504 1507 2564 Laevum

268 2606 434 2679 Mercurio,
458 2608 600 2667 dextrum
623 2607 686 2680 iiii,
710 2607 818 2668 bellico
840 2609 945 2682 nirpo;
967 2613 1031 2669 Ara
1053 2609 1134 2668 Ionia
1155 2609 1255 2669 medic
1278 2614 1331 2669 est.
1353 2613 1508 2668 mactatur

267 2718 366 2769 cneco'
383 2709 558 2782 Mineruae,
589 2711 711 2785 alipedi
728 2712 855 2783 nmine,
886 2718 995 2772 tcnrnr
1019 2713 1088 2784 tibi,
1117 2729 1229 2772 somme
1259 2714 1393 2772 demum.
1444 2706 1509 2770 Per

268 2809 498 2892 apostropham
522 2830 633 2874 versus
654 2815 714 2874 756
738 2811 859 2894 optime
881 2810 1082 2894 significatur
1104 2812 1283 2876 auctoritas
1303 2812 1409 2875 somna
1434 2816 1508 2874 deo-

266 2911 351 2990 rnni3
381 2912 458 2995 quid
479 2918 590 2977 nutem
615 2912 684 2978 vult
706 2914 831 2978 aversio
855 2915 888 2978 in
910 2918 1048 2979 bellicum
1068 2920 1217 2994 cirpineni
1246 2914 1335 2979 facta
1355 2914 1389 2978 in
1411 2934 1509 2978 versu

269 3015 353 3080 754?
390 3017 458 3078 Art.
475 3021 572 3081 amat.
586 3017 633 3081 Ill
659 3021 721 3082 334
736 3017 870 3081 Ovidius
886 3024 1000 3101 poetas
1015 3017 1131 3101 puellis
1145 3018 1299 3100 legendos
1314 3037 1509 3082 enumerans

268 3117 347 3182 dicit
369 3118 507 3183 subitoz·
523 3123 649 3197 Tibulle,
673 3131 771 3198 tnnm3
795 3121 956 3185 Tibullum
980 3121 1081 3204 igitur
1103 3120 1288 3203 alloquitur,
1309 3141 1508 3204 quamquam

267 3222 307 3285 de
332 3222 479 3286 omnibus
502 3224 617 3306 poetis,
647 3224 686 3288 de
710 3223 916 3303 Callimacho,
943 3224 1130 3304 Menandro,
1162 3224 1303 3308 Sappho,
1326 3223 1508 3308 Propertio,

268 3323 373 3402 Gallo,
396 3331 432 3389 ut
448 3325 487 3390 de
503 3327 609 3391 tertiis
631 3329 777 3410 personis
792 3327 921 3392 locutus
937 3334 1051 3406 est,·et
1066 3349 1262 3411 quamquam
1280 3327 1360 3392 illud
1380 3331 1508 3403 Tibulle,

267 3437 349 3491 tnnm
373 3447 445 3493 curn
468 3429 609 3494 secunda
631 3451 771 3514 persona
801 3430 940 3495 subiecti
956 3437 1060 3511 porris
1092 3431 1220 3496 minime
1243 3431 1419 3513 congruit·
1447 3430 1509 3494 llis

266 3531 346 3595 locis
368 3532 599 3615 apostropham
628 3533 716 3597 nullo
740 3533 835 3599 modo
858 3533 1052 3617 profluxisse
1074 3555 1114 3598 ex
1136 3534 1255 3599 affectu
1285 3534 1357 3598 luce
1386 3533 1509 3597 olarios

267 3637 326 3699 est.
371 3633 471 3698 Immo
501 3634 563 3699 hae
595 3636 813 3720 apostrophae
844 3642 919 3700 sunt
947 3637 1116 3720 ponendae
1147 3637 1216 3701 siue
1245 3635 1343 3701 dubio
1371 3637 1405 3701 in
1427 3636 1507 3700 arti-

267 3735 414 3800 ficiorum
437 3757 580 3816 numero,
604 3738 721 3820 quibus
740 3745 857 3823 poetae
879 3739 1023 3823 linguam
1046 3740 1196 3804 Latinam
1217 3746 1322 3804 metro
1342 3739 1505 3823 dactylico

270 3840 429 3922 aptabant
451 3839 546 3923 (locis
567 3861 666 3924 supra
689 3841 784 3906 dictis
807 3843 948 3907 evitatae
970 3848 1046 3909 sunt
1067 3843 1191 3908 formae
1213 3843 1255 3907 ab
1280 3843 1344 3906 illis
1360 3842 1508 3906 versibus

268 3942 397 4006 omnino
431 3943 660 4008 abhorrentes:
697 3950 844 4024 Apollini,
882 3951 1104 4025 Proserpinae,
1139 3951 1314 4025 Daphnidi,
1346 3949 1507 4026 Sisyphus,
1615 3994 1617 3997 ψ

268 4049 395 4110 bellicae
417 4051 539 4125 cirpini,
566 4051 695 4124 TibnlIi;
715 4053 887 4131 praeterea
909 4049 1039 4132 ubique,
1062 4056 1100 4114 ut
1121 4051 1308 4114 omittamus
1326 4049 1392 4113 Ecl.
1412 4049 1507 4127 Vno,

269 4148 365 4212 simul
388 4148 592 4214 efficiebatur
614 4151 761 4236 dactylus
782 4151 815 4216 in
839 4153 952 4235 quint-o
971 4153 1077 4235 pede).

356 4251 519 4336 Exemplis
550 4252 645 4318 huius
677 4256 802 4337 generis
825 4255 934 4320 allatis
956 4262 1032 4319 sunt
1060 4256 1231 4321 adicienda
1259 4255 1412 4320 nonnulla
1433 4255 1508 4319 Ovi-

175 4371 176 4374 ’
263 4354 383 4433 ,ὀίαηας
415 4361 512 4438 atque
535 4356 673 4441 primum
703 4357 831 4440 quidem
855 4365 969 4423 extant
989 4359 1085 4440 talia,
1116 4360 1173 4424 ubi
1201 4360 1324 4425 formae
1351 4359 1507 4423 creticum

270 4459 470 4538 continentes
499 4461 761 4545 circumscriptae
792 4470 883 4543 sunt3
912 4483 995 4545 quae
1023 4463 1245 4529 inveniuntur:
1276 4463 1351 4527 Met.
1374 4462 1404 4526 ll
1428 4465 1508 4542 7383

268 4559 313 4630 IV
334 4567 414 4644 4583
441 4562 587 4647 V1·112;
619 4565 667 4631 IX
692 4571 768 4649 1853
801 4565 876 4633 xlv
898 4572 976 4650 806;
1015 4566 1097 4632 Faat
1122 4568 1247 4651 111953
1276 4567 1319 4633 lv
1347 4571 1424 4648 1753
1457 4564 1509 4633 Ex
