3342 5392
678 516 891 578 -'-l3-

161 685 361 774 μετάστασιν
393 683 444 749 rel
476 683 670 772 μετάβασιν,
702 705 818 770 nempe
853 705 938 765 earn,
971 704 1055 768 quae
1081 683 1132 763 fit,
1163 705 1234 749 cum
1270 683 1398 769 culpam

162 789 299 855 alicuius
321 787 369 853 rei
392 809 412 853 a
433 786 527 852 nobis
548 789 582 852 in
610 788 709 853 alium
740 787 934 853 conserimus
947 788 989 872 1);
1022 778 1133 871 itaque
1163 787 1399 852 nominabimus

162 913 227 958 una
255 912 328 957 cum
360 889 630 970 Quintiliano
660 890 744 956 hano
773 911 903 974 quoque
933 891 1143 969 aversionem,
1177 896 1275 974 quam
1304 890 1411 956 modo.

162 994 378 1080 cognovimus,
414 1014 538 1060 summo
571 994 642 1059 iure
676 994 917 1079 apostropham.
973 993 1064 1073 Quod
1102 998 1190 1058 recte
1222 994 1294 1059 fieri
1326 1015 1399 1060 con·

162 1099 311 1164 firmatur
340 1117 390 1178 eo,
424 1097 511 1181 quod
540 1102 810 1164 commentatores
841 1098 965 1181 antiqui
996 1096 1158 1181 exempla,
1190 1119 1275 1181 qnae
1304 1098 1400 1162 huius

163 1203 289 1286 generis
304 1207 389 1282 sunt,
405 1200 519 1266 eodem
534 1202 662 1267 nomine
677 1197 905 1286 ‘apostropha’
925 1200 1108 1285 significant
1129 1200 1183 1285 (of.
1200 1201 1400 1266 Dindorfii

163 1305 286 1371 scholia
302 1303 429 1370 Graeca
443 1305 477 1369 in
493 1304 626 1369 Homeri
641 1304 785 1383 Iliadem,
801 1305 890 1370 Tem.
905 1303 952 1370 111
970 1303 1013 1370 ad
1027 1313 1061 1371 Δ
1078 1309 1155 1385 1273
1174 1310 1251 1386 1463
1274 1310 1313 1371 H
1326 1310 1400 1385 1043

166 1409 255 1474 Tom.
270 1408 314 1473 IV
331 1407 373 1473 ad
390 1412 515 1489 116933
532 1413 607 1489 787;
633 1413 707 1488 l’23
730 1406 1039 1491 Thilo-Hagen:
1063 1407 1164 1472 Servii
1180 1413 1401 1472 commentar:

165 1512 207 1578 ad
231 1510 362 1577 Aeneid.
390 1511 422 1576 II
451 1516 508 1592 563
539 1511 567 1575 V
597 1515 673 1592 1233
705 1509 747 1575 ad
777 1510 894 1594 Georg.
921 1510 936 1575 1
967 1511 1052 1594 215).
1104 1511 1276 1575 Servius
1310 1510 1403 1575 addit

164 1615 310 1699 saepius:
332 1620 410 1679 hoco
430 1624 478 1701 est
499 1620 688 1694 apostropha
709 1620 758 1679 vel
777 1613 1017 1701 προσφώνησις
1039 1613 1093 1700 (cf.
1110 1613 1152 1678 ad
1173 1618 1250 1679 Aen.
1266 1615 1310 1680 IV
1325 1620 1402 1695 4083

166 1720 289 1801 x1393
312 1723 391 1799 3023
416 1723 494 1799 791,
516 1718 563 1783 XI
579 1719 627 1802 7);
651 1738 724 1783 curn
747 1738 824 1783 vero
848 1717 967 1801 reliqui
988 1717 1138 1783 rhetores
1160 1717 1404 1805 προσῳοίνησιν

165 1823 260 1887 aliter
282 1821 489 1906 explicent2),
511 1820 573 1886 hoc
595 1841 724 1905 quoque
743 1842 861 1887 nomen
883 1820 1081 1886 reiciendum
1100 1826 1159 1887 est

250 1943 339 2007 Inter
360 1941 563 2007 definitiones
586 1941 682 2007 modo
714 1942 832 2007 allatas
855 1942 971 2007 summi
992 1942 1147 2007 momenti
1175 1941 1255 2007 mihi
1274 1941 1404 2008 ridetur

166 2067 236 2112 esse
267 2043 508 2125 Rufiniani,
541 2046 596 2128 qui
630 2045 768 2129 figuram
800 2045 879 2110 oriri
908 2049 1030 2112 ratione
1062 2051 1168 2125 οίίηιια
1200 2052 1248 2110 ael
1277 2047 1404 2122 adfecta

166 2149 265 2215 addit
311 2150 411 2228 Quem
442 2149 469 2212 si
506 2149 680 2232 sequimur,
719 2148 920 2233 apostropha
950 2169 1014 2213 non
1047 2155 1097 2214 est
1129 2149 1280 2234 ponenda
1318 2150 1405 2215 inter

166 2251 289 2336 figuras
312 2253 549 2336 grammaticas,
573 2252 630 2317 sed
645 2253 730 2318 inter
750 2252 830 2318 illud
850 2257 956 2316 οιήυε
977 2273 1085 2333 penus,
1108 2259 1191 2332 qaod
1212 2274 1271 2317 aon
1288 2263 1404 2319 tontum

166 2361 198 2419 ιἰι
228 2360 350 2420 ratione
377 2359 511 2435 positam
546 2366 592 2420 ort
624 2361 767 2435 loquendi
797 2361 856 2420 sed
889 2360 965 2435 ι’μιίε
997 2358 1137 2420 senalus
1173 2377 1240 2421 cam
1269 2362 1404 2435 proriam

169 2471 230 2524 tum
266 2463 355 2525 etiem
397 2464 479 2523 eires
519 2458 777 2544 accommodam),
822 2457 910 2542 quod
952 2457 1155 2541 significatur
1197 2460 1405 2528 rhetoricum.

167 2562 257 2627 Haec
279 2562 508 2642 controversia,
532 2582 616 2645 quae
640 2568 690 2627 est
717 2562 803 2627 inter
825 2562 1137 2641 Quintilianum
1159 2567 1192 2628 et
1212 2564 1404 2629 Rufinia-

170 2688 260 2731 num
281 2686 345 2749 quo
368 2665 463 2731 modo
491 2665 817 2752 potest'diiudioari?
840 2703 884 2715 -
906 2666 1081 2732 Videamus
1103 2666 1242 2752 primum
1264 2667 1404 2751 quidem,

168 2768 245 2853 quid
275 2768 331 2834 alii
360 2769 421 2834 viri
444 2768 531 2834 docti
561 2768 603 2834 de
634 2768 696 2835 hac
721 2791 757 2835 re
782 2769 1006 2835 iudicaverint
1056 2771 1095 2836 In
1124 2770 1255 2836 scholiis
1285 2770 1405 2836 codicis

171 2873 287 2938 Veneti
302 2873 356 2956 (B)
371 2873 405 2937 in
419 2871 554 2954 Iliadem
570 2872 701 2956 scriptis
722 2872 860 2958 legimus
880 2873 922 2939 ad
937 2893 1066 2939 versum
1083 2881 1119 2942 11
1131 2879 1192 2939 787
1209 2873 1405 2959 additum⁴):

169 2977 355 3061 Πάτροκλε]
385 2973 406 3062 ἡ
432 2972 632 3062 ἀποστροφὴ
660 2974 812 3064 σημαίνει
843 2976 904 3045 τὸν
935 2976 1198 3065 συναχθόμενον.
1249 2979 1301 3046 σοί
1331 2978 1405 3065 γιίρ,

168 3084 283 3167 φησίν,
308 3069 529 3164 ὧΠιίτροκλε,
551 3088 599 3170 τῷ
616 3077 722 3160 οὕτως
739 3077 791 3148 ὑπ’
812 3077 975 3167 Ἀχιλλέως
992 3077 1199 3174 ιἰγαποηιένῳ
1214 3107 1262 3149 τοι
1277 3080 1317 3150 τὸ
1338 3093 1406 3150 πᾶν

168 3186 214 3262 είς
236 3186 405 3269 σωτηρίαν
427 3192 495 3250 τῶν
511 3181 679 3270 Ἑλλήνων
705 3185 1031 3275 πραγματευσαμένῳ
1054 3193 1101 3274 τῷ
1121 3186 1291 3270 Νέστορος
1313 3192 1405 3272 φιλο-

168 3285 280 3366 πόνως
315 3282 539 3376 ἀνασχομένῳ,
576 3295 622 3377 τῷ
655 3285 892 3373 φιλοστόργως,
912 3283 1117 3374 Εὐρύπυλον
1150 3289 1328 3380 ίασαμέυῳ,
1359 3298 1407 3378 τῷ

169 3387 252 3475 ὑπέρ
269 3388 436 3477 Ἑλλήνων
464 3390 677 3474 δακρύσαντι,
705 3399 753 3480 τῷ
780 3387 841 3457 τὸν
864 3398 1014 3479 σκληρῶς
1043 3395 1253 3478 διακείμενον
1267 3388 1407 3479 Ἀχιλλέα

169 3496 330 3573 πείσαντι,
356 3501 405 3582 τῷ
427 3491 510 3560 κατὰ
531 3502 589 3578 τῆς
611 3502 755 3562 σεαυτοῦ
777 3502 884 3580 ψυχῆς
905 3491 969 3581 τὴν
998 3495 1115 3575 ἔξοδον
1142 3495 1407 3581 κατορθώσαντι,

169 3599 247 3681 βίου
269 3596 361 3676 τέλος
386 3593 496 3683 ὤφθη.
542 3605 646 3664 ταῦτα
675 3597 784 3664 πάντα
813 3596 941 3664 ένεστιν
969 3598 1242 3684 έπαναῳέρουτας
1268 3599 1322 3667 ἐπὶ
1344 3598 1408 3686 τὴν

171 3695 391 3784 ἀποστροφὴν
421 3698 459 3768 τὸ
491 3697 529 3766 ἐν
559 3698 644 3789 αὐτῇ
677 3701 858 3785 περιπαθὲς
890 3711 1034 3769 σκοπεῖν.
1090 3701 1276 3768 Commotus
1307 3703 1408 3786 igitur

170 3807 257 3865 sorte
285 3801 447 3866 Partrocli
478 3801 606 3867 videtur
636 3808 735 3887 poeta
766 3803 918 3869 incidisse
946 3805 980 3871 in
1009 3825 1189 3870 maerorem
1220 3806 1407 3890 luctumque

169 3909 268 3986 atque
296 3905 492 3990 interposuit
522 3905 669 3970 versibus
698 3905 758 3972 hos
789 3903 926 3973 affectus
949 3929 996 3987 eo,
1027 3908 1114 3992 qnod
1143 3910 1342 3974 aversionem
1373 3911 1407 3974 in

168 4006 255 4072 hunc
269 4008 373 4074 virum
396 4008 493 4090 feeit3
517 4009 572 4088 sio,
593 4010 624 4074 lr.
641 4031 668 4073 e.
691 4031 732 4075 ex
754 4008 883 4090 affectu,
906 4012 1049 4095 explicat
1070 4017 1305 4077 commentator
1326 4013 1407 4096 fign-

170 4130 241 4175 ram
275 4115 309 4176 et
343 4111 476 4196 reliquis
507 4114 601 4192 locis,
636 4113 753 4197 quibus
786 4114 842 4179 illc
879 4115 979 4180 verba
1014 4116 1094 4180 facit
1130 4114 1171 4180 de
1207 4116 1407 4201 apostropha

258 4370 283 4435 1)
302 4368 347 4423 De
365 4370 417 4426 hac
435 4388 466 4425 re
483 4371 546 4426 vide
564 4389 634 4442 quae
653 4373 724 4428 dlxIt
741 4371 865 4427 Mense
884 4374 902 4427 l.
922 4391 944 4428 ε.
962 4392 983 4428 s.
1000 4392 1028 4444 p.
1040 4375 1082 4428 22.

150 4461 152 4468 ’
256 4455 283 4522 2)
302 4454 343 4509 Ol.
363 4455 573 4512 Volkmann.
591 4458 609 4512 l.
627 4477 648 4513 s.
669 4477 689 4516 s.
710 4461 809 4529 pana

255 4541 282 4607 3)
301 4539 342 4596 (It
362 4540 475 4611 Quintil.
492 4541 537 4596 IX
554 4546 639 4612 3,·28.

255 4627 283 4696 4)
301 4627 343 4682 (If.
363 4626 526 4685 Dindort
544 4628 623 4685 Tem.
641 4629 693 4688 IV.
