3342 5392
583 519 863 613 ·—4'1-

110 688 270 755 lentae
294 687 635 755 enumerationes
665 687 820 771 optime
848 686 1134 750 variarentur.
1180 682 1270 747 Haec
1292 700 1369 746 vero

112 792 363 872 commoda,
393 813 477 875 quae
500 792 629 876 saepius
654 791 721 856 sine
746 789 844 854 dubio
870 788 1058 854 acciderunt
1079 793 1201 851 temere
1231 806 1269 849 ac
1293 805 1371 849 casu

111 899 236 980 poetis
265 896 385 974 insciis,
415 917 541 980 semper
572 899 678 960 autem
711 892 799 958 nullo
823 892 918 957 modo
941 911 996 956 eos
1019 890 1161 971 effugere
1183 893 1369 974 potueruut,

110 1000 254 1084 figurae
278 1000 408 1065 fuerunt
431 1020 555 1064 summo
577 995 852 1063 incommodo.
896 994 1085 1059 Invenimus
1103 993 1188 1059 enim
1211 990 1369 1074 exempla,

112 1103 180 1168 ubi
214 1103 416 1188 apostropha
444 1107 569 1166 tantum
598 1101 727 1166 illorum
753 1099 993 1164 commodorum
1016 1097 1126 1185 gratia
1150 1095 1277 1160 adscita
1299 1100 1372 1159 erat

114 1207 252 1272 affectu
269 1205 378 1289 aliquo
394 1227 457 1270 nou
473 1209 614 1284 extante,
636 1203 708 1269 ubi
731 1203 911 1287 delapsa
933 1200 1060 1266 estad
1083 1200 1249 1282 figuras
1268 1218 1374 1263 mere.

115 1309 435 1393 grammaticas.
480 1308 575 1374 Tales
610 1306 829 1391 apostrophae
862 1310 972 1371 autem
1002 1309 1099 1369 erant
1128 1302 1222 1367 nobis
1251 1302 1370 1386 impro-

113 1412 261 1478 bandae
291 1420 325 1477 et
352 1410 594 1496 vituperandae,
627 1432 699 1474 cum
733 1409 858 1474 aversio
886 1409 920 1472 iu
949 1428 1120 1491 personam
1152 1405 1294 1489 aliquam
1321 1402 1372 1468 vel

115 1517 271 1581 bestiam
301 1516 352 1582 vel
380 1509 560 1581 semiusto
587 1513 658 1579 iure
689 1512 838 1578 adhiberi
862 1511 966 1596 possit
993 1510 1096 1576 solum
1126 1509 1184 1574 tali
1205 1508 1287 1588 loco,
1315 1507 1370 1573 ubi

118 1619 242 1704 aliquo
265 1619 361 1684 modo
384 1639 630 1683 commovemur.

219 1722 313 1802 Quod
328 1722 446 1786 attinet
457 1721 498 1786 ad
511 1742 679 1786 numerum
692 1719 965 1804 apostropharum
979 1716 1209 1796 adhibitorum,
1225 1716 1373 1799 sequitur

121 1849 168 1892 ex
193 1825 351 1910 exemplis
373 1824 481 1889 allatis
501 1824 642 1909 primum
670 1822 800 1906 quidem
824 1821 1015 1887 Ovidium
1045 1818 1372 1886 omniuoluisse

122 1929 369 1994 uberiorem
393 1928 433 1992 in
455 1927 621 2010 figurae
644 1949 721 1991 usu
743 1925 950 2009 Vergilio,
981 1930 1049 1990 tum
1078 1946 1154 1989 vero
1184 1923 1374 1988 carmina

123 2031 304 2116 singula
338 2031 564 2115 utriusque
595 2035 750 2115 poetae
785 2029 898 2095 inter
928 2051 969 2094 se
997 2028 1256 2112 discrepare,
1286 2024 1372 2109 quod

124 2138 255 2221 optime
276 2135 443 2219 intelleges
466 2157 506 2200 ex
527 2135 591 2200 hac
613 2133 874 2199 enumeratione:
898 2132 985 2217 apud
1009 2131 1243 2215 Vergilium
1265 2129 1373 2194 inveni

125 2239 366 2325 apostropham
401 2245 435 2302 et
466 2240 499 2302 iu
527 2237 668 2302 Aeneide
699 2243 732 2302 et
767 2237 799 2300 in
831 2236 1000 2320 Georgicis
1032 2236 1161 2300 circiter
1197 2233 1377 2304 centesimo,

125 2343 331 2426 octogesimo
354 2362 483 2425 quoque
505 2363 610 2420 versu,
640 2342 672 2406 in
695 2339 825 2422 Eulogis
849 2339 980 2404 circiter
1010 2339 1211 2422 sexagesimo
1241 2356 1371 2421 quoque

126 2469 245 2525 versu,
285 2445 371 2529 apud
401 2444 590 2510 Ovidium
624 2445 657 2508 iu
687 2442 1006 2527 Metamorphosibus
1037 2442 1166 2508 circiter
1196 2441 1371 2506 centesimo

106 2550 286 2623 ‚vicesimo
308 2569 438 2632 quoque
463 2535 568 2628 versu,
590 2547 698 2612 Fastis
722 2547 852 2612 circiter
875 2546 1152 2630 quinquagesimo,
1182 2547 1250 2610 Art.
1274 2550 1371 2609 amat.

129 2653 265 2718 circiter
287 2651 497 2734 sexagesima,
521 2651 615 2715 Trist.
640 2651 770 2716 circiter
792 2651 968 2715 centesimo
984 2649 1242 2734 quadragesimo,
1265 2652 1372 2712 Amor.

130 2757 267 2821 circiter
283 2755 457 2820 contesimo
473 2755 624 2820 vicesimo
640 2752 791 2833 secundo,
815 2754 945 2819 Remed.
963 2755 1037 2820 circ.
1053 2752 1371 2836 duodesexagesimo,

130 2859 267 2924 Heroid.
291 2859 421 2923 circiter
441 2858 660 2936 ducentesimo
683 2858 856 2938 tricesimo,
880 2858 981 2944 Epist.
998 2879 1038 2922 ex
1058 2857 1092 2922 P.
1109 2858 1239 2923 circiter
1254 2855 1372 2920 ducen-

130 2963 250 3028 tesimo
280 2963 392 3044 quinto
425 2960 558 3040 decimo,
592 2961 684 3027 Ibide
706 2961 836 3025 circiter
860 2961 1080 3026 ducentesimo
1103 2968 1220 3046 quarto
1248 2958 1371 3024 decimo

131 3087 265 3150 quoque
294 3087 406 3144 versu,
440 3063 554 3128 Medic.
589 3064 649 3128 fac.
679 3064 752 3129 iem.
783 3064 872 3129 nullo
908 3065 989 3129 loco.
1049 3065 1113 3130 Sed
1143 3064 1251 3128 omnia
1289 3062 1372 3127 haec

132 3168 323 3234 discrimina
343 3167 486 3251 intellegi
507 3173 643 3252 possunt
666 3189 705 3232 ex
729 3168 784 3247 eis,
819 3189 903 3251 quae
927 3168 968 3232 de
984 3170 1111 3234 ratione
1134 3174 1167 3233 et
1188 3168 1219 3231 vi
1247 3166 1371 3250 figurae

132 3271 352 3356 exposuimus.
396 3271 475 3336 Cum
499 3270 731 3355 apostropham
757 3276 845 3336 recte
875 3271 1034 3336 adscitam
1057 3272 1098 3336 ab
1122 3271 1241 3336 affectu
1263 3270 1372 3354 aliquo

133 3375 277 3462 pendere
301 3397 382 3460 opus
411 3375 461 3454 sit,
490 3375 629 3461 primum
659 3374 788 3458 quidem
818 3376 1022 3460 respicienda
1044 3383 1095 3441 est
1115 3381 1234 3440 natura
1256 3380 1372 3458 poetae

133 3479 247 3564 ipsius,
270 3501 345 3543 num
368 3478 464 3543 facile
487 3484 736 3558 commoveatur,
760 3501 836 3544 num
860 3479 1001 3543 animum
1022 3480 1199 3543 excitatum
1222 3477 1374 3543 cohibere

134 3582 248 3666 possit.
293 3582 413 3660 Quodsi
433 3583 465 3646 iu
489 3581 685 3647 carminibus
701 3581 867 3648 Ovidianis
889 3583 1044 3646 maiorem
1068 3602 1237 3647 numerum
1259 3582 1373 3645 talium

136 3685 411 3769 apostropharum
434 3685 623 3765 invenimus,
647 3707 727 3769 quas
744 3707 783 3750 ex
805 3683 924 3752 affectu
947 3691 1064 3770 poetae
1083 3686 1276 3770 profluxisse
1292 3685 1374 3750 veri-

137 3788 241 3853 simile
264 3794 314 3853 est
337 3790 390 3873 (ci.
408 3788 555 3872 exempla
577 3789 726 3875 partibus
746 3792 771 3853 A
790 3794 823 3854 et
845 3789 870 3852 B
893 3794 1053 3872 tractata,
1076 3789 1281 3874 respicienda
1298 3796 1376 3854 sunt

135 3892 194 3956 illa
226 3912 363 3974 quoque,
400 3892 456 3957 ubi
493 3893 711 3977 apostrophae
746 3915 812 3984 per
843 3893 1001 3977 quasdam
1035 3915 1191 3978 personas
1224 3914 1244 3956 a
1276 3898 1375 3977 pocta

136 3995 306 4078 loquentes
326 3995 475 4060 inductas
496 3996 586 4076 fiunt,
611 4017 682 4060 oum
705 3996 882 4080 pleraeque
905 4018 1016 4063 earum
1040 3998 1104 4062 sint
1126 3998 1195 4062 eius
1217 3996 1313 4076 modi,
1337 4001 1374 4059 ut

137 4097 233 4164 simul
256 4120 296 4164 ex
317 4104 434 4183 poetae
456 4099 558 4184 ipsius
581 4100 688 4164 auimo
710 4100 878 4185 profectae
906 4122 976 4166 esse
1003 4099 1197 4183 videantur),
1226 4101 1374 4183 sequitur

137 4201 286 4267 Ovidium
302 4203 469 4287 scripsisse
484 4204 587 4269 videri
602 4205 705 4287 magis
721 4225 792 4268 oum
809 4204 932 4269 fervido
948 4205 1056 4269 auimo
1072 4210 1104 4269 et
1123 4203 1258 4268 incitato
1275 4225 1372 4286 quam

138 4305 324 4389 Vergilium.
347 4344 389 4355 -
407 4307 508 4373 Porro
532 4314 670 4391 apparet
693 4308 808 4372 summi
838 4308 989 4373 momenti
1015 4309 1049 4372 iu
1072 4306 1290 4391 apostrophus
1312 4328 1373 4370 usu

139 4430 209 4474 esse
254 4431 384 4492 genus
420 4411 665 4490 carminum,
701 4433 777 4476 num
808 4417 976 4476 versentur
1012 4413 1046 4475 in
1085 4410 1245 4493 gravibus
1275 4409 1372 4473 factis

139 4511 367 4590 describendis,
390 4514 422 4577 in
438 4514 547 4577 multis
562 4514 744 4578 nominibus
760 4515 901 4598 propriis
917 4513 1213 4590 commemorandis,
1236 4513 1321 4576 unde
1337 4513 1373 4590 ie,

140 4617 194 4699 qui
218 4620 339 4694 narrat,
372 4615 482 4700 aliquo
513 4616 617 4695 modo,
647 4618 712 4681 sive
742 4618 948 4682 veneratione
978 4619 1044 4682 sive
1072 4615 1285 4681 admiratione
1307 4616 1373 4680 sive
