3342 5392
750 513 964 600 *²⁴-

238 684 413 769 (Vergilius
436 683 580 750 admittit
601 685 767 750 elisionem
781 685 814 769 ¹).
864 687 1018 766 dodorus
1042 685 1144 768 igitur
1165 703 1207 748 ue
1228 704 1289 767 per
1310 683 1478 749 elisionem

238 789 368 872 quidem
396 793 501 853 metro
530 789 637 872 aptari
665 793 782 872 potest.
835 787 957 852 Eodem
987 788 1084 852 modo
1112 786 1221 852 iudico
1251 786 1310 852 des
1329 787 1478 852 versibus

239 891 294 975 qui
322 895 398 956 suut
419 890 495 959 Met.
517 891 595 958 Xlll
617 897 775 975 483sqq.:
801 941 882 956 ....
910 895 1011 972 Teque
1038 901 1172 970 oemunt,
1201 896 1296 970 uirgo,
1314 901 1424 970 ,teque
1459 912 1478 955 o

238 1001 325 1088 modo
356 1000 446 1074 repta
479 999 632 1072 coniunx,
665 999 766 1075 Regia
804 1001 887 1059 diere
904 1014 1046 1074 'porcus
1079 1000 1172 1059 Aside
1196 998 1337 1073 florentis
1365 999 1477 1076 imago,

239 1102 328 1162 Nosse
342 1102 432 1162 etium
444 1103 587 1176 praedae
601 1103 681 1162 malo
691 1118 770 1174 sorr,
795 1119 885 1176 quum
899 1102 995 1162 uictor
1007 1100 1110 1162 Ulixes
1127 1101 1203 1161 Esse
1216 1117 1310 1162 suurn·
1319 1103 1412 1161 nollet
1432 1125 1477 1160 ...-

325 1199 554 1265 similimum
587 1199 1041 1284 misericordiapoetae
1073 1199 1180 1266 elucet
1208 1221 1249 1264 ex
1278 1199 1479 1284 apostropha

238 1302 362 1387 lpbidis
373 1301 463 1388 (Met.
472 1303 518 1367 Ill
532 1305 616 1386 uio),
631 1303 764 1388 virginis
776 1303 923 1382 miserae,
938 1323 1035 1386 quam
1047 1303 1267 1368 sio‘dioentem
1279 1303 1480 1387 audimusbr

244 1411 316 1484 Quis
338 1427 384 1470 me
406 1412 638 1484 morereretur,
661 1412 768 1486 inquit,
796 1411 924 1486 Cognito
946 1427 1036 1486 quom
1059 1412 1147 1483 nulli,
1177 1427 1268 1486 quom
1284 1411 1478 1487 prodigioso,

240 1531 396 1590 novaeque
426 1513 509 1574 doro·
537 1519 626 1592 tenet¹
648 1515 790 1574 renerio?
836 1509 877 1574 Et
905 1515 1020 1594 postea
1050 1511 1091 1594 (v.
1123 1513 1213 1594 735J:
1254 1513 1364 1574 Vellem
1394 1515 1479 1574 nulle

239 1616 356 1691 J‘orem!
379 1663 386 1678 .
411 1662 418 1679 .
441 1663 449 1678 .
473 1664 480 1678 .
525 1613 604 1679 Cum
625 1629 703 1678 uero
721 1611 843 1696 ‘poetae
865 1612 1019 1698 dactylici
1040 1613 1159 1678 aetatis
1183 1617 1370 1696 Augusteae
1394 1612 1479 1677 elisi-

210 1712 212 1716 ’
241 1737 335 1782 onem
356 1716 390 1781 in
413 1716 471 1780 teli
494 1715 606 1793 forme,
634 1735 732 1798 quum
753 1715 891 1799 praebet
912 1714 1041 1782 dativus
1063 1721 1178 1806 Iphide,
1208 1736 1273 1781 non
1295 1715 1480 1794 admittant,

240 1819 373 1884 evitavit
396 1818 528 1884 Ovidius
549 1819 602 1883 bio
625 1836 753 1902 quoque
775 1839 834 1902 per
857 1818 1027 1902 enullagen
1048 1841 1144 1886 casua
1166 1840 1287 1898 vocem,
1311 1840 1395 1903 quae
1416 1840 1477 1903 per

241 1941 276 1988 se
298 1945 317 1987 a
338 1927 441 1988 metro
464 1920 672 1986 abhorrebat.
689 1931 690 1936 ’
710 1921 791 1986 ibid.
807 1928 880 2001 llll,
903 1921 1034 1987 Remed.
1052 1927 1124 2000 605,
1148 1924 1255 1987 Amor.
1270 1922 1301 1987 ll
1329 1928 1376 2004 18,
1400 1927 1439 1986 22
1452 1921 1480 2006 3)

240 2027 305 2093 illie
321 2025 669 2110 exemplisassorende
684 2030 768 2105 sunt,
792 2026 878 2109 quie,
905 2026 968 2090 nisi
990 2025 1191 2110 apostrophe
1213 2018 1365 2092 adbibita¹
1383 2032 1480 2104 esset,

241 2151 301 2216 per
321 2129 525 2214 iniquitatem
548 2128 721 2194 verborum
746 2163 786 2178 «-
812 2137 922 2193 omnes
938 2149 1033 2194 voces
1056 2128 1217 2213 incipiunt
1239 2151 1260 2193 a
1281 2145 1423 2194 consone
1437 2167 1481 2177 -

242 2239 334 2302 ortae
356 2238 464 2298 essent
487 2232 611 2300 formae
626 2233 766 2316 speciem
782 2232 895 2298 cretici
916 2234 1127 2316 praebentes:
1150 2237 1310 2313 Sisyphus,
1330 2235 1480 2308 -Sidsom‘r,

149 2363 153 2371 ·
242 2343 410 2422 Phyllidis3
437 2335 584 2400 similiter
605 2335 775 2402 habuisset
798 2335 903 2403 forma
924 2341 1047 2401 Sidonis
1066 2336 1100 2400 in
1122 2357 1217 2400 versu
1239 2335 1296 2419 qui
1318 2341 1370 2399 est
1390 2334 1479 2400 Fest

242 2442 270 2507 V
293 2440 393 2523 6104)
416 2439 538 2505 nullum
560 2439 674 2504 locum.

328 2544 444 2609 Adbuc
467 2548 593 2608 tuntum
610 2545 650 2611 de
673 2543 720 2608 eis
743 2543 898 2627 exemplis
920 2543 1068 2622 tractavi,
1090 2541 1210 2625 quibus
1231 2540 1265 2607 in
1287 2527 1482 2626 explicanda

243 2645 446 2732 apostropha
467 2646 525 2711 ille
547 2646 683 2711 metrica
704 2644 882 2712 difficultas
904 2640 1092 2725 formarum,
1122 2667 1206 2729 quae
1228 2645 1383 2711 creticum
1406 2666 1482 2710 oon·

144 2828 146 2833 Ι
242 2753 356 2830 tinent,
372 2755 527 2835 superato
543 2736 722 2814 accedebat
735 2750 782 2815 ed·
793 2750 980 2814 interiorem
996 2751 1155 2814 rationem
1172 2748 1482 2814 misericordiae

246 2861 278 2920 et
299 2853 470 2919 doloris.
515 2855 614 2918 Verte
635 2851 699 2918 iem
722 2853 833 2918 oculos
856 2853 898 2916 ad
926 2852 1043 2932 locum,
1072 2870 1168 2934 quem
1191 2851 1329 2933 legimus
1350 2851 1482 2918 Heroid.

245 2959 288 3022 VI
310 2957 367 3026 48:
401 2963 483 3036 Ouid
504 2961 558 3021 tibi
577 2978 644 3021 eum
660 2963 781 3036 poeria,
813 2962 918 3021 nerito
944 2959 1051 3037 Ttoty,
1077 2963 1166 3020 meo?
1211 2955 1356 3020 Perbene
1380 2943 1482 3039 expli·

245 3061 335 3126 oabie
356 3060 441 3125 beno
456 3059 687 3144 apostrophem
702 3061 751 3124 ite
765 3060 907 3124 ntdicas
929 3065 1048 3143 poetae
1062 3060 1096 3123 in
1112 3059 1219 3123 auimo
1239 3058 1340 3124 luisse
1355 3059 1483 3124 odium

245 3169 279 3230 et
300 3162 642 3246 indignationem
666 3163 859 3246 significare,
875 3184 972 3246 quam
989 3161 1133 3228 babebat
1145 3161 1331 3247 Hypsipyle,
1346 3161 1484 3245 decepta
1559 3227 1562 3233 ,

245 3287 304 3352 per
324 3268 480 3346 Iasonem,
500 3266 534 3332 in
557 3267 807 3350 gubernatorem
823 3267 1096 3349 Argonautarum,
1120 3267 1176 3348 qui
1197 3286 1311 3330 navem
1328 3265 1370 3330 ad
1384 3265 1483 3330 litora

246 3371 380 3436 Lemnis
401 3370 525 3455 pellens
546 3391 647 3436 causa
668 3371 768 3436 fuerit
789 3370 911 3436 doloris
937 3370 1060 3434 summi.
1105 3367 1209 3433 Simul
1230 3389 1306 3433 vero
1326 3368 1483 3434 concedes

246 3475 367 3539 formes
396 3481 430 3539 et
458 3479 580 3538 novicae
610 3481 656 3538 et·
673 3479 782 3554 Tiutyi
812 3470 928 3538 uullo
960 3473 1078 3538 modo
1106 3472 1140 3535 in
1170 3478 1310 3536 metrum
1341 3472 1484 3555 quadra-

246 3583 338 3642 tures
361 3577 469 3643 luisse.
515 3577 615 3642 Porro
639 3578 711 3661 quis
729 3583 826 3660 neget
846 3576 1191 3660 indignationem
1214 3581 1248 3639 et
1268 3576 1484 3640 horrorem

246 3685 363 3764 poetue
391 3681 490 3745 insita
513 3701 584 3746 esse
605 3681 752 3746 versibus
775 3682 830 3764 qui
860 3680 1013 3763 leguntur
1035 3679 1111 3744 Met.
1136 3679 1197 3742 llll
1222 3683 1377 3761 2l9sqq.:
1408 3683 1483 3743 ovem
1579 3695 1581 3697 ’

248 3788 311 3861 tibi,
341 3803 500 3850 saeuorum
530 3790 704 3849 saeuissime
736 3788 967 3861 Centaurorum,
995 3787 1120 3864 Euryte,
1151 3803 1242 3862 quum
1270 3788 1347 3858 uino,
1360 3812 1362 3817 v
1375 3792 1484 3862 peetus

249 3899 308 3952 tom
330 3893 449 3966 uirgine
471 3893 537 3954 eise
552 3893 659 3965 Ardet,
683 3899 712 3952 ee
734 3892 873 3952 ebrietur
888 3893 1044 3967 preminate
1064 3891 1325 3964 libidinemque.
1363 3890 1485 3950 Saeuis·

247 3996 322 4055 simo
345 3995 462 4072 Euryto
484 3997 592 4055 eutem
618 3997 763 4056 ametro
793 3992 967 4075 respuitur.
1012 3989 1165 4072 Reliquos
1190 3988 1279 4053 locos
1301 3988 1484 4067 Ouidianos,
1541 4023 1544 4029 ·

249 4093 305 4159 ubi
331 4115 383 4158 res
404 4094 552 4159 similiter
573 4115 608 4158 se
630 4093 739 4172 habet,
768 4095 848 4159 setis
871 4093 975 4173 babeo
998 4113 1218 4173 enumerasse3
1244 4113 1325 4175 quos
1345 4093 1483 4157 invenis:

338 4303 364 4370 l)
382 4301 423 4356 ef.
442 4301 620 4370 Franzen,
646 4301 740 4358 Ueber
766 4301 818 4354 deu
836 4299 1024 4355 Untersohied
1047 4299 1095 4354 des
1113 4298 1297 4354 Hexsmeters
1321 4299 1367 4353 bei
1386 4297 1482 4367 Vergil

249 4388 305 4442 und
324 4387 416 4442 Horez
435 4387 524 4460 (Prgr.
543 4387 654 4444 Oreleld
673 4389 749 4455 1881)
768 4405 794 4456 p.
815 4389 893 4455 l2sq.

335 4476 363 4542 n)
382 4474 423 4528 cf.
441 4473 511 4530 Mes.
529 4471 573 4530 lx
591 4477 709 4544 ruosqq.

337 4561 363 4627 3)
382 4556 426 4614 De
444 4561 498 4616 hoc
516 4561 579 4615 looo
599 4559 679 4614 simul
698 4559 794 4612 confer
812 4559 887 4628 quod
905 4558 997 4614 dicam
1014 4578 1041 4628 p.
1053 4561 1095 4614 27.

336 4645 363 4714 4)
384 4643 428 4700 De
445 4647 500 4702 hoo
517 4665 599 4701 versu
616 4636 681 4699 vide'
698 4643 772 4714 quod
790 4643 890 4698 addam
908 4665 935 4714 p.
948 4646 989 4700 30.
1031 4652 1034 4656 ’
