3342 5392
806 480 1016 576 ...30-

374 684 392 768 §
416 687 465 748 la.
504 683 572 766 Age
587 705 662 748 vero
681 684 806 769 respice
830 705 952 768 quaeso
975 684 1017 750 ad
1039 684 1155 764 locum,
1175 703 1270 768 quem
1286 685 1423 769 legimus
1438 685 1527 752 Fast.

289 785 411 853 Vbii).
456 785 512 850 Ad·
528 785 593 865 illa,
622 808 706 870 quae
730 809 829 871 snpra
838 789 864 872 ¹)
889 787 929 852 de
951 789 1047 852 huius
1078 810 1190 854 versus
1221 789 1421 874 apostropha
1449 789 1528 868 dixi,

287 889 413 954 accedit
436 887 636 954 honoratio:
659 891 720 954 nisi
743 895 853 956 rectus
876 897 909 954 et
931 891 1099 956 institutus
1121 891 1201 956 ordo
1226 894 1385 957 sermonis
1401 894 1434 956 in
1450 914 1527 957 con·

289 993 425 1058 trarium
451 1013 625 1057 conversus
650 997 744 1074 asset,
768 993 962 1068 haberemus
985 994 1176 1059 verbaaSic
1197 999 1322 1060 Sidonis
1343 1001 1526 1076 aspicienda

287 1097 396 1170 suerat
426 1101 499 1162 Ioni.
555 1095 634 1160 Tres
667 1096 782 1162 breves
818 1097 964 1182 syllabae
997 1096 1175 1162 abhorrent
1211 1098 1337 1164 scilicet
1373 1120 1393 1165 a
1430 1121 1527 1164 versu

289 1197 457 1284 dactylico.
493 1198 588 1263 Tales
604 1199 728 1264 formae
749 1220 813 1265 non
835 1197 898 1264 nisi
918 1200 979 1265 sub
995 1201 1093 1265 certis
1114 1201 1266 1284 gravibus
1283 1201 1527 1269 condicionibus

185 1304 187 1308 ’
288 1303 321 1366 in
343 1301 424 1366 illud
447 1289 584 1368 metrum
608 1301 780 1385 quadrant
825 1307 945 1368 Fuerat
965 1303 996 1367 in
1020 1324 1115 1368 versu
1143 1325 1237 1388 quem
1262 1310 1442 1374 tractamus
1464 1306 1527 1369 nisi

289 1407 365 1470 anta
386 1411 432 1470 sic
455 1411 488 1470 at
511 1409 586 1489 post
607 1410 672 1469 Ioni
694 1405 849 1490 peninon
870 1412 986 1490 potest.
1025 1408 1114 1486 Quae
1130 1413 1223 1474 tanta
1238 1408 1414 1472 difficultas
1430 1407 1527 1473 facile

287 1528 346 1592 per
368 1508 537 1591 enallagau
559 1529 728 1592 personae·
741 1511 880 1594 (funos)
903 1510 1094 1575 enitebatur.
1139 1511 1226 1576 Idem
1248 1510 1351 1576 habes
1365 1511 1447 1590 loco,
1470 1512 1533 1594 qni.

287 1616 337 1676 est
359 1611 490 1678 Remed.
504 1616 576 1692 471,
599 1631 693 1696 quem
710 1612 813 1678 'modo
835 1635 866 1697 p.
884 1619 923 1679 29
947 1615 1100 1678 tractari:
1130 1619 1211 1690 (laid
1231 1620 1387 1690 lacrima
1419 1620 1525 1680 odiose

288 1723 405 1779 senen?
426 1765 433 1781 .
458 1765 496 1780 ..
541 1715 612 1794 Qua
645 1716 770 1782 rationo
801 1717 926 1782 inseras
956 1716 1032 1782 huic
1059 1718 1167 1782 versui
1196 1718 1333 1783 formam
1363 1723 1527 1782 lacrimat?

288 1818 376 1883 Fast.
404 1819 430 1884 V
454 1823 515 1885 309
526 1839 572 1901 sq.
602 1819 738 1902 legitur:
773 1823 928 1899 Idppolite
955 1821 1079 1897 infelix,
1109 1826 1200 1885 uelles
1232 1827 1362 1886 columae
1395 1825 1531 1897 Dionen)

292 1923 363 1986 Cain
396 1927 600 1987 consternatis
638 1917 822 2002 diripereris
844 1928 949 2002 'equis
998 1923 1222 1989 Misericordia
1250 1930 1367 2008 poetae
1397 1923 1526 1988 videtur

289 2021 504 2090 demonstrari
527 2025 687 2091 adiectivo
709 2028 839 2108 infelix3
868 2027 963 2092 simul
986 2047 1062 2092 vero
1088 2049 1148 2110 per
1169 2027 1401 2112 apostropham
1421 2028 1526 2092 norni-
1588 2066 1593 2078 ·

288 2129 415 2194 nativus
452 2129 556 2194 metro
593 2129 723 2212 iniquus
751 2134 926 2211 Hippolitns
941 2147 944 2154 ’
957 2119 1242 2197 circumscribitur.
1295 2131 1447 2196 Eiusdem
1477 2132 1527 2195 rei

288 2251 352 2296 uon
383 2223 636 2298 obliviscendum
667 2233 730 2298 erit
759 2233 791 2297 in
821 2233 1004 2300 iudicandis
1036 2234 1242 2320 apostrophis
1272 2256 1354 2319 quas
1384 2236 1526 2298 inveniar

289 2335 364 2399 Met.
386 2336 518 2402 11435:
556 2342 719 2416 Aspicerer
732 2341 868 2414 atinam,
890 2342 1049 2415 Saturnia,
1079 2342 1181 2402 mitior
1204 2347 1307 2402 esses!
1352 2337 1427 2402 Met.
1448 2338 1528 2401 XIII

289 2443 306 2502 7
311 2443 351 2504 58
361 2459 424 2522 sq.:
593 2445 654 2504 Pro
683 2451 800 2518 quanto
828 2445 967 2520 potentin
996 2446 1086 2520 nepai
1114 2445 1179 2518 Est,
1217 2445 1314 2505 Venas
1344 2447 1433 2517 ulma,
1464 2445 1528 2504 tuit

288 2543 600 2622 Am0r‚1110,‘11:
637 2547 717 2620 Quid
735 2549 884 2622 penninas,
915 2549 1062 2625 Erycina,
1093 2565 1174 2608 meos
1203 2549 1270 2638 aine
1293 2552 1356 2621 (ine
1384 2551 1528 2609 dolores?

287 2647 395 2710 Amor.
418 2646 465 2711 III
488 2651 516 2726 9,
540 2652 576 2711 61
590 2644 689 2729 sq.²):
729 2650 839 2711 obvias
860 2652 933 2712 hnic
954 2653 1059 2712 oenias
1087 2653 1205 2713 aedera
1233 2652 1387 2712 iuvenalia
1408 2653 1527 2710 cinctas

292 2752 440 2828 Tempora
463 2769 529 2814 cunr
557 2751 656 2826 Caluo,
687 2756 774 2815 docte
800 2753 926 2827 Catulle,
950 2761 1010 2816 too.
1055 2751 1152 2815 'frist
1176 2751 1202 2814 V
1227 2758 1255 2830 6,
1279 2756 1319 2816 39
1329 2772 1391 2834 sq.:
1419 2755 1527 2814 Omnia

288 2872 371 2916 nnnc
400 2858 505 2930 credo,
532 2873 598 2916 cam
621 2863 653 2917 tn
682 2874 742 2917 non
773 2860 884 2918 stultas
905 2858 944 2919 ob
971 2865 1059 2918 arato
1084 2859 1194 2933 Terqa,
1223 2875 1330 2934 vapor,
1358 2859 1526 2919 dederis

289 2959 514 3035 Ausoniamque
538 2966 638 3036 petas.
685 2956 887 3039 Quamquam
918 2957 1002 3021 hanc
1024 2977 1122 3040 quam
1150 2963 1314 3041 postremo
1338 2958 1408 3021 loco
1430 2956 1527 3020 attuli

289 3059 522 3143 apostropham
545 3079 609 3124 non
632 3058 745 3124 dubito
769 3060 933 3125 affirmare
955 3059 1148 3144 profluxisse
1172 3082 1212 3126 ex
1233 3061 1526 3139 veneratione,

291 3181 387 3243 qnam
404 3168 503 3246 poeta
516 3161 618 3227 hahet
638 3163 671 3226 in
694 3153 848 3242 vaporem,
871 3165 927 3246 qui
942 3164 1036 3247 quasi
1052 3163 1131 3228 deus
1151 3165 1321 3248 cogitatur,
1345 3169 1382 3229 ut
1397 3163 1526 3228 demon·

288 3264 387 3329 strari
417 3265 544 3330 ridetur
574 3286 668 3330 versu
699 3271 756 3331 31:
787 3271 902 3331 Sensus
930 3273 1010 3331 inest
1039 3273 1134 3346 ipitnr
1162 3272 1290 3344 aetalia,
1322 3288 1398 3346 qaas
1429 3272 1529 3345 exipit

287 3373 377 3446 tanis,
400 3374 508 3434 tamen
525 3370 577 3434 hic
600 3390 728 3452 quoque
751 3370 988 3454 respiciendum
1005 3373 1075 3448 erit,
1098 3372 1145 3435 sio
1167 3371 1261 3435 simul
1284 3372 1438 3435 evitatam
1454 3391 1525 3435 asse

287 3471 423 3536 formam
447 3478 568 3538 dederit
589 3478 658 3538 tres
681 3473 794 3558 breves
815 3472 958 3559 syllabas
980 3474 1199 3558 praebentem.

375 3593 392 3676 ᾗ
418 3597 465 3656 13.
499 3594 605 3677 Supra
620 3616 650 3678 p.
667 3599 707 3659 23
724 3593 790 3658 dixi
806 3615 857 3658 me
873 3593 954 3659 talia
969 3595 1125 3678 exempla,
1147 3594 1204 3660 ubi
1219 3615 1277 3678 per
1293 3596 1525 3678 apostropham

182 3786 184 3790 ,
288 3695 383 3759 simul
412 3696 557 3761 nascitur
579 3696 727 3783 dactylus
756 3698 789 3761 in
818 3697 931 3781 quinto
960 3698 1043 3781 pede
1073 3699 1254 3763 hexametri
1275 3698 1325 3762 vel
1353 3700 1386 3762 in
1408 3705 1526 3780 quarto

289 3804 346 3862 aut
371 3798 484 3880 quinto
506 3799 589 3883 pedo
611 3801 816 3886 pentametri,
843 3806 957 3884 postea
980 3801 1189 3867 collecturum
1213 3822 1291 3866 esse.
1336 3801 1428 3880 Quod
1451 3823 1526 3886 pro—

287 3902 369 3981 misi,
398 3902 461 3966 hac
483 3903 691 3987 paragrapho
718 3903 856 3984 faciam,
887 3905 989 3970 affero
1017 3906 1117 3988 igitur
1145 3906 1204 3969 hos
1233 3926 1361 3969 versus:
1399 3905 1527 3970 Metl

287 4010 350 4070 438
373 4007 427 4090 (ci.
451 4028 482 4092 p.
506 4010 576 4091 25);
613 4008 727 4073 11543
751 4009 882 4092 (p.26);
914 4008 1024 4073 V242
1048 4011 1091 4092 (p.
1115 4012 1199 4094 29);Ἰ
1223 4009 1282 4074 Vll
1306 4014 1368 4073 399
1393 4010 1526 4094 (pti),
1604 4044 1606 4049 ·

287 4108 362 4174 VIII
384 4115 424 4175 49
447 4112 492 4193 (p.
509 4111 579 4192 26);
609 4115 672 4174 240
695 4113 738 4196 (p.
756 4113 827 4194 25);
859 4116 916 4177 731
944 4114 988 4195 (p.
1012 4114 1140 4195 25sq.);
1170 4112 1217 4176 IX
1240 4118 1298 4176 641
1325 4115 1368 4195 (p.
1392 4115 1463 4197 26);
1496 4112 1527 4176 Χ

289 4216 350 4276 120
373 4214 416 4296 (p.
433 4216 504 4297 aa),
535 4213 581 4278 xl
606 4221 667 4280 415
693 4218 737 4298 (p.
760 4215 831 4297 nou
863 4214 924 4278 1111
946 4221 1008 4280 219
1030 4218 1074 4299 (p.
1097 4215 1168 4298 mn
1198 4216 1358 4281 11111483
1382 4218 1425 4299 (p.
1450 4218 1524 4300 24),

288 4319 348 4380 765
387 4318 431 4400 (p
463 4321 534 4401 29);
578 4317 688 4383 Fast.
720 4319 735 4382 l
770 4323 832 4384 639
861 4321 905 4401 (p.
933 4320 1005 4401 26),
1051 4319 1082 4382 II
1110 4324 1173 4384 492
1204 4322 1248 4411 (p.
1278 4323 1350 4400 26),
1402 4320 1432 4382 II
1463 4326 1526 4384 544

287 4474 492 4484 ---.---.

375 4545 400 4610 1)
420 4541 461 4596 Of.
480 4561 506 4612 p.
527 4545 569 4596 24.

372 4628 400 4698 2)
419 4627 460 4683 cf.
479 4646 562 4699 supra
579 4647 606 4699 p.
624 4629 665 4683 28.
747 4661 750 4668 ⁴
