3342 5392
650 551 867 614 -53-

40 802 41 816 ἶ
134 722 250 787 attulit
267 720 452 788 Alexander
468 721 589 786 Riese
611 721 644 785 in
666 720 846 805 appendice
868 719 1052 786 M.Terenti
1069 719 1225 784 Varronis
1241 717 1376 785 Satura·

40 825 41 902 Ῑ
134 849 210 891 rum
234 826 479 909 Menippeerum
502 823 700 908 reliquarum
724 824 823 910 (Lips.
847 827 952 907 1865),
984 823 1135 888 videntur
1163 822 1243 887 milri
1271 822 1377 887 tribus

134 931 218 995 locis
241 934 354 994 extare
377 927 595 1012 apostrophae
615 927 709 1007 tales,
733 948 816 1010 quae
836 927 979 1011 pendent
1000 948 1021 991 a
1042 931 1160 1011 poetae
1181 924 1377 1009 quibusdam

135 1032 320 1098 affectibus.
376 1031 474 1114 Atqui
504 1038 593 1096 verte
627 1031 738 1096 oculos
766 1030 808 1094 ad
840 1031 1001 1109 Graecos,
1035 1029 1092 1095 ubi
1123 1029 1378 1114 Apollonius

135 1136 328 1202 Rhodius
358 1135 493 1200 eandem
523 1133 707 1199 materiam»
726 1134 882 1200 tractavit
910 1134 944 1198 in
976 1133 1045 1199 fere
1080 1133 1193 1198 eodem
1225 1153 1376 1198 versuum

39 1265 40 1268 ¹
135 1260 273 1304 numero
302 1260 341 1303 ac
372 1237 566 1303 Valerius
599 1231 778 1303 Flaccus
814 1238 927 1321 (otiam
958 1241 1092 1321 superat
1121 1236 1286 1302 Valerium
1314 1241 1377 1301 230

135 1341 315 1424 versibus);
343 1341 385 1404 'in
424 1340 474 1405 his
502 1341 730 1424 Argonauticis
759 1349 835 1404 vero
868 1340 1047 1406 invenimus
1077 1339 1309 1424 apostropham
1338 1360 1378 1403 ex

39 1481 40 1500 1
135 1451 256 1530 poetae
285 1443 405 1509 affectu
434 1443 592 1509 adscitam
623 1449 750 1508 tantum
780 1445 900 1528 septies
928 1444 982 1527 (ci.
1003 1465 1033 1528 p.
1059 1446 1129 1529 52);
1166 1442 1197 1508 ln.
1221 1463 1248 1507 e.
1279 1442 1380 1525 igitur

137 1549 267 1614 dicere:
290 1547 344 1612 hic
366 1534 495 1631 quoque
518 1553 646 1612 constat
660 1547 878 1613 Romanorum
894 1552 1009 1632 poetas
1024 1547 1057 1612 in
1074 1535 1260 1613 narratione
1276 1545 1378 1611 multo

140 1652 245 1736 magis
268 1662 363 1716 motus
386 1656 480 1716 animi
500 1655 647 1716 extulisse
668 1671 766 1734 quam
789 1651 960 1733 Graecum.

227 1755 324 1834 Idem,
348 1754 435 1837 quod
453 1754 493 1819 de
508 1754 623 1819 horum
639 1755 858 1819 Romanorum
881 1760 1050 1840 poetarum
1074 1755 1199 1820 ratione
1215 1752 1378 1819 scribendi
1405 1796 1414 1820 .

139 1858 359 1940 cognovimus,
383 1855 590 1922 iudicandum
616 1857 678 1921 crit
701 1857 741 1922 de
763 1856 912 1940 reliquis,
934 1878 1071 1942 quornm
1095 1857 1239 1922 carmina
1261 1857 1324 1922 hac
1345 1857 1378 1920 iis

137 1961 371 2027 dissertatione
394 1959 579 2026 attulimus:
609 1965 765 2043 quantum
788 1981 828 2025 ex
851 1981 961 2025 eorum
986 1960 1204 2044 apostrophae
1227 1982 1287 2025 usu
1307 1982 1380 2024 con-

138 2064 335 2130 cludendum
366 2068 416 2128 est
448 2064 502 2148 (de
531 2063 764 2147 antiquissimis
793 2063 993 2147 temporibus
1023 2062 1148 2129 scilicet
1169 2086 1209 2129 ex
1234 2063 1380 2148 reliquiis

138 2168 183 2233 nil
201 2169 283 2233 certi
306 2167 368 2232 dici
392 2169 522 2251 potest),
546 2189 665 2246 cinnae,
689 2166 744 2232 ubi
763 2173 988 2247 narraverunt,
1011 2167 1140 2232 minime
1156 2167 1218 2232 hoc
1232 2167 1380 2233 iecerunt

138 2279 208 2337 sine
231 2278 281 2336 irc
304 2281 333 2334 et
353 2275 465 2347 studio,
489 2269 602 2336 utillo
625 2271 758 2336 Taciteo
780 2276 865 2350 utar,
888 2270 945 2335 sed
968 2271 1137 2336 occasione
1159 2270 1238 2335 data
1253 2292 1381 2365 semper

140 2375 346 2453 studuerunt,
370 2379 405 2438 ut
421 2396 496 2438 suos
517 2375 658 2457 ipsorum
675 2371 812 2439 affectus
827 2374 1009 2439 narrationi
1030 2375 1282 2458 interponerent.
1319 2375 1380 2452 Qui

139 2477 265 2542 Ovidi
281 2477 407 2556 Festos,
425 2480 533 2542 Artem
551 2483 658 2550 amat..
684 2477 813 2542 Remed.
830 2498 930 2542 amor.
955 2474 1006 2542 vel
1021 2479 1165 2543 carmina
1180 2473 1381 2562 Properti

141 2582 192 2646 vel
224 2580 332 2664 epicos
359 2600 471 2646 versus
494 2569 657 2646 Lucani
688 2581 823 2666 legerit,
855 2579 1010 2646 concedet
1038 2582 1072 2646 in
1100 2581 1152 2646 his
1184 2580 1381 2648 carminibus

139 2691 257 2769 poetas
278 2683 388 2749 inille
420 2705 455 2750 re
478 2685 574 2750 etiam
599 2683 729 2750 modum
754 2684 948 2768 excessisse,
976 2690 1075 2769 atque
1105 2706 1168 2750 non
1198 2684 1381 2764 mirabitur,

141 2787 230 2872 qnod
258 2787 396 2852 Iacobus
419 2788 572 2853 Grimm
602 2789 634 2852 in
665 2789 953 2868 commentatione,
986 2794 1158 2873 quaeest:
1190 2787 1296 2854 Ueber
1319 2789 1380 2853 den

141 2890 445 2956 Personenweohsel
473 2893 507 2956 in
535 2892 594 2957 der
617 2892 704 2957 Rede
728 2891 1002 2978 (Abhandlungen
1024 2892 1054 2958 d.
1075 2891 1202 2975 K‘dnigl.
1227 2890 1327 2956 Akad.
1351 2890 1381 2956 d.

131 2997 236 3062 ‘Wiss
262 2994 345 3059 Berl.
376 2998 481 3080 1856),
513 3001 685 3078 postquam
715 2995 921 3078 vituperavit,
960 3016 1032 3060 mea
1062 2995 1191 3078 quidem
1221 2996 1382 3060 sententia

141 3098 270 3177 iniuria,
300 3096 470 3162 nonnullas
495 3096 697 3179 Vergilianas
720 3098 946 3182 apostrophus,
979 3099 1027 3162 ita
1048 3099 1169 3182 pergit:
1202 3097 1383 3178 „Gleichen

143 3225 193 3268 vo
216 3202 306 3266 nicht
329 3203 495 3284 grosserer
517 3200 722 3266 Missbrauch
744 3201 905 3285 begegnet
927 3201 980 3267 bei
1003 3187 1146 3267 anderen
1168 3200 1380 3267 lateinischen

143 3305 310 3385 Dichtern,
334 3304 529 3369 namentlich
550 3303 673 3384 Lukan,
696 3304 754 3370 der
777 3305 841 3370 den
863 3305 987 3371 Namen
1009 3307 1089 3371 Rom
1113 3305 1179 3370 fast
1200 3305 1290 3370 nicht
1309 3326 1382 3371 aus-

144 3409 302 3494 sprechen
324 3405 421 3487 kann,
442 3406 526 3473 ohne
548 3409 594 3472 sie
616 3430 655 3473 zu
678 3408 779 3473 duzan
803 3409 869 3493 und
893 3409 1091 3475 anzureden:
1116 3414 1143 3489 l,
1169 3415 1227 3490 853
1252 3414 1383 3491 1‚205;

145 3519 175 3591 6,
200 3517 279 3594 309;
303 3516 332 3590 7,
355 3517 413 3592 293
441 3512 529 3576 seine
551 3512 672 3595 ewigen
696 3512 874 3578 Gedanlven
896 3513 969 3578 sind
991 3513 1091 3578 Ciisar
1112 3513 1177 3578 und
1200 3513 1298 3593 Rom,
1328 3512 1386 3578 anf

145 3617 198 3682 die
236 3617 345 3699 Linge
381 3614 462 3679 vird
499 3613 586 3680 diese
624 3614 836 3704 Wiederkehr
871 3614 928 3681 der
967 3616 1092 3681 Anrede
1132 3617 1383 3700 unertriigliclr“.

146 3719 338 3784 Rectissime
368 3718 452 3783 enim
484 3718 700 3798 Quintilianus
731 3724 883 3804 spectans
913 3718 955 3783 ad
984 3719 1107 3803 figuras
1136 3720 1317 3786 rhetoricas
1337 3719 1384 3784 IX

147 3829 176 3901 3,
195 3829 273 3888 101:
294 3827 357 3886 Sed
370 3843 409 3887 ne
431 3844 486 3887 ece
511 3827 640 3902 quidem,
665 3821 780 3906 inquit,
803 3844 884 3904 quae
905 3833 990 3910 recte
1007 3832 1096 3902 finnt,
1119 3831 1298 3890 deserendae
1313 3837 1385 3890 sunt

145 3931 243 3990 nimis.
287 3931 363 3990 Nam
387 3937 416 3990 et
436 3933 535 3990 vultus
556 3930 681 3990 mutatio
701 3934 917 4006 oculorumque
939 3932 1094 3992 coniectus
1116 3935 1239 3993 multum
1261 3934 1292 3992 in
1312 3939 1384 3992 cetu

146 4035 243 4107 nctet,·
273 4035 330 4094 sed
348 4035 376 4093 si
399 4035 467 4110 quis
491 4035 605 4094 ducere
627 4049 660 4092 os
684 4027 845 4109 exquisitis
873 4035 970 4094 modis
990 4040 1020 4094 et
1041 4033 1155 4105 frontes
1178 4052 1215 4096 uc
1241 4036 1384 4096 luminum

146 4138 354 4197 inconstantia
376 4139 536 4212 trepidare
558 4154 618 4196 non
642 4138 778 4198 desinet:
800 4138 951 4198 rideatur.

234 4235 304 4300 Hac
326 4257 362 4300 re
377 4237 509 4322 perveni
532 4235 573 4300 ad
594 4234 692 4301 finem
715 4235 810 4301 huius
831 4235 1090 4318 dissertationis3
1112 4237 1139 4302 si
1163 4257 1239 4302 vero
1261 4236 1384 4321 aliquid

122 4339 297 4426 attulisse
330 4339 486 4404 censebor
515 4339 558 4404 ad
588 4345 760 4424 poetarum
784 4341 1002 4406 Romanorum
1032 4339 1195 4406 scribendi
1224 4342 1382 4406 rationem

148 4441 389 4527 explorandam,
412 4464 608 4527 magnopere
630 4443 788 4510 laetabor.
