3342 5392
699 527 912 589 ..nn-

343 699 425 774 auio
446 698 500 761 tibi
521 693 604 760 nuno
624 701 732 762 solitae
753 701 830 761 rniiti
850 707 921 776 poet
942 707 1032 778 terna
1054 700 1196 776 canitiae,
1218 673 1235 702 ³

343 805 426 876 auia
444 805 521 876 ioca,
545 805 621 878 auid
641 805 748 880 rapidi
767 802 889 880 profuit
910 784 985 865 u'ous
1008 806 1088 880 equi,

341 904 477 967 Portica?
499 904 604 978 refers
626 908 757 996 aquilos,
780 909 874 968 uictos
896 924 1016 983 unoque
1031 908 1173 983 porriois
1195 924 1306 973 arma:

340 1010 480 1084 Pianora
501 1011 562 1069 iam
585 1012 683 1070 nostri
705 1013 792 1072 nulla
808 1012 943 1085 pudori-s
963 1011 1057 1072 babes

185 1125 237 1189 ‘rel
259 1123 333 1190 1101.
355 1126 371 1190 I
395 1129 473 1206 720,
502 1126 619 1209 quibus
641 1127 787 1192 versibus
816 1134 916 1212 poeta
938 1127 1112 1211 compellat
1140 1127 1328 1192 horrificum
1352 1148 1424 1192 aus·

184 1228 293 1293 todem
312 1228 498 1294 Iunonium:
521 1236 612 1308 Aroe,
636 1236 729 1307 incer,
754 1236 896 1310 quodque
916 1237 949 1294 in
972 1241 1015 1295 tot
1036 1236 1150 1295 lumino
1165 1237 1264 1296 lumen
1279 1233 1423 1307 iratribus7

185 1337 377 1397 ¹Eccstincturn
400 1343 454 1409 est,
478 1343 656 1412 centumque
679 1339 781 1398 oeulos
802 1356 865 1398 nou
888 1342 1018 1414 occupa
1039 1355 1112 1399 uno.

272 1453 370 1518 Verte
391 1454 456 1518 iam
479 1454 589 1520 oeulos
611 1454 654 1520 ad
678 1445 798 1534 'versus
822 1455 878 1538 qui
900 1459 975 1520 sunt
997 1457 1074 1519 Aen.
1098 1455 1129 1518 X
1151 1459 1213 1519 315
1230 1475 1296 1537 sq.:
1332 1471 1333 1475 ’

340 1561 418 1622 Inde
439 1551 557 1623 Eicban
579 1559 665 1636 serii,
689 1544 843 1623 easecturn
865 1563 926 1623 iarn
949 1570 1048 1623 matre
1064 1568 1227 1640 perempto

342 1663 382 1725 Et
402 1664 464 1738 noi,
489 1666 618 1739 Phoebe,
641 1682 764 1727 sacrum
788 1686 887 1728 ....:

277 1769 385 1829 Omnes
406 1770 460 1845 qui
479 1775 561 1829 secio
583 1770 691 1830 inanis
713 1775 819 1830 uentre
836 1776 1057 1845 procreantur,
1079 1764 1172 1835 addit
1193 1765 1333 1846 Servius,
1355 1771 1425 1831 ideo

187 1877 258 1931 suni
279 1863 412 1947 Apollini
434 1874 621 1946 coonsecraii,
654 1875 726 1948 quia
757 1875 831 1934 dens
854 1880 900 1933 est
921 1875 1107 1946 medicinae,
1135 1890 1306 1948 perquam
1329 1875 1424 1935 iucem

187 1975 377 2048 sarcinatum
419 1971 501 2035 haee
531 1977 624 2050 tanta
653 1973 832 2046 auctoritas
866 1978 901 2036 et
926 1959 1067 2055 dignitas
1101 1970 1152 2035 dei
1182 1971 1309 2037 videtur
1345 1971 1425 2048 mibi

186 2078 317 2158 poetam
338 2079 487 2158 raptasse
509 2075 542 2150 in
564 2076 887 2154 venerationem
911 2076 1194 2160 8001010100,
1215 2075 1329 2141 laudes
1351 2095 1426 2158 gra·

187 2182 302 2259 tesque
334 2177 452 2242 insitae
490 2183 566 2242 sunt
597 2177 674 2244 huie
707 2166 943 2262 apostrophae'
961 2184 1061 2261 atque
1093 2199 1151 2243 suo
1188 2178 1259 2242 iure
1293 2164 1425 2244 0800001

188 2279 408 2345 Nordenus
431 2280 465 2344 in
488 2282 719 2371 commentario
742 2302 800 2346 nos
823 2281 865 2346 ab
887 2281 1006 2365 local),
1034 2282 1089 2365 qui
1113 2287 1162 2346 est
1183 2269 1297 2346 similis
1319 2281 1425 2361 buius,

188 2383 228 2448 de
252 2404 315 2467 quo
336 2383 530 2464 tractamus,
563 2384 606 2448 ad
625 2385 682 2450 illa
707 2387 952 2469 epigrammata,
984 2405 1068 2469 quae
1090 2385 1124 2448 in
1147 2384 1290 2449 donariis
1312 2383 1426 2449 inseri·

186 2485 352 2551 bibantur
381 2489 448 2572 (coi
551 2493 654 2574 Φοῖβε
678 2479 850 2573 ...δῶρα
880 2488 958 2556 τάδε
983 2489 1142 2574 κρέμαται
1176 2489 1211 2552 Α.
1236 2488 1275 2552 Ρ,
1296 2488 1337 2552 111
1355 2487 1425 2570 92).

188 2589 310 2654 Eadem
333 2589 487 2674 religio
512 2589 681 2656 deorum
704 2592 836 2656 subesse
859 2591 938 2656 mibi
962 2591 1091 2674 quidem
1114 2591 1252 2671 videtur,
1285 2611 1358 2669 eum
1378 2591 1426 2654 in-

187 2700 344 2757 vocantur
363 2715 422 2778 per
445 2695 643 2759 aversionem
667 2695 815 2760 Bacchus
846 2695 977 2778 (Georg.
1000 2695 1032 2760 ΙΙ
1056 2694 1174 2777 2)181
1196 2716 1309 2774 maana
1332 2699 1424 2758 Pales

189 2807 219 2859 ct
239 2802 453 2862 memorandus
477 2810 589 2876 pastor
619 2804 656 2864 ab
678 2804 848 2879 Arrnpbryso
872 2809 901 2862 et
922 2801 1062 2879 Lycaeus
1093 2799 1224 2883 (Georg.
1247 2797 1294 2862 111
1317 2800 1348 2881 1)
1375 2798 1426 2860 vel

188 2903 370 2977 ¹Clitumnus,
393 2906 527 2980 fluviolis
549 2907 624 2966 aeus
647 2901 825 2986 (Georg.11
844 2904 917 2985 146)
940 2897 991 2967 vel
1015 2909 1141 2980 puelloe
1164 2906 1280 2967 Naides
1299 2900 1427 2984 (Ecbx

190 3005 286 3090 bslb).
353 3003 446 3068 Ovidi
483 3004 628 3070 earmina
660 3003 774 3070 talium
812 3006 1032 3089 exemplorum
1070 3026 1221 3089 magnum
1256 2999 1424 3068 numerum

188 3107 365 3192 praebent,
400 3128 465 3190 qua
494 3107 534 3173 de
566 3129 664 3172 causa
694 3129 733 3172 ea
760 3108 952 3192 ,simpliciter
983 3096 1172 3172 enumerare
1203 3107 1281 3172 mihi
1310 3107 1425 3171 liceat:

189 3209 264 3275 Met.
287 3211 331 3276 lv
357 3217 394 3277 16
410 3230 495 3294 sqq.;
524 3212 568 3277 1v
594 3216 674 3293 1923·
694 3213 737 3277 vi
760 3215 837 3292 5963
867 3212 913 3276 xl
936 3217 1013 3293 nan
1038 3212 1123 3276 nass.
1147 3213 1263 3291 14123
1293 3210 1426 3290 118613

189 3311 338 3394 1113‘273
373 3314 498 3396 1V853
532 3315 578 3381 VI
602 3321 679 3397 1013
709 3321 789 3397 4863
822 3320 900 3397 5693
924 3321 1002 3396 761;
1033 3314 1113 3379 Ibid.
1135 3318 1216 3396 4053
1263 3313 1359 3378 Trist.
1382 3313 1426 3376 IV

193 3420 241 3495 10,
267 3422 325 3482 117
343 3437 429 3501 sqq.;
467 3417 517 3482 Ex
545 3417 636 3483 Pont.
660 3417 705 3484 IV
726 3427 755 3499 4,
779 3423 846 3499 23,Ι
868 3420 936 3484 Art.
964 3423 1060 3483 amat.
1084 3417 1217 3499 115873
1248 3419 1355 3498 Amor.
1378 3416 1425 3480 111

190 3523 220 3599 2,
244 3526 300 3600 553
324 3520 453 3586 Remed.
476 3527 525 3588 11.
1039 3543 1041 3547 ’
1283 3572 1285 3575 -

277 3623 349 3688 Non
380 3624 479 3688 semel
500 3630 692 3708 procreatur
722 3624 923 3709 apostropha
945 3645 985 3688 ex
1008 3625 1121 3689 eodem
1152 3623 1272 3689 affeetu
1294 3641 1426 3686 venera-

190 3727 296 3806 tionis,
318 3747 403 3810 quae
426 3729 569 3811 pertinet
590 3728 632 3792 ad
655 3729 839 3794 homines
862 3728 1028 3810 quosdam.
1069 3729 1124 3792 Sia
1146 3729 1230 3791 enim
1251 3726 1305 3790 ille
1319 3730 1426 3790 motus
1467 3804 1469 3807 Ι

190 3831 290 3894 animi
323 3836 439 3914 poetae
470 3829 605 3895 effeetus
641 3825 768 3896 videtur
807 3833 1003 3896 auctoritate
1039 3831 1153 3896 damus
1189 3831 1317 3913 regiae,
1353 3848 1437 3892 eum‘

195 3933 324 3997 Aeneid.
344 3933 447 3998 11564
471 3955 576 4022 sermo
598 3935 797 3999 convertitur
818 3935 851 3998 in
875 3935 1010 4013 Politen,
1032 3955 1125 3998 unum
1147 3945 1287 3998 notorum
1310 3935 1428 3995 Priami

190 4037 245 4121 (01.
270 4039 323 4100 Ae.
346 4037 377 4102 11
400 4041 492 4121 522),
524 4058 720 4121 quamquam
741 4037 883 4102 concedo
909 4037 994 4102 hunc
1022 4038 1127 4102 locum
1150 4037 1289 4100 fortasse
1311 4033 1427 4097 melius

191 4139 291 4203 inseri
304 4139 370 4204 illis
386 4139 550 4224 exemplis,
565 4141 732 4226 inquibus
748 4141 950 4226 apostropha
962 4163 1001 4205 ex
1016 4141 1126 4204 dolore
1142 4140 1296 4220 luctuque
1309 4141 1426 4220 poetae

154 4276 164 4298 s
190 4243 387 4326 explicanda
417 4250 484 4325 est3
515 4244 688 4309 verisimile
716 4244 799 4309 enim
819 4244 908 4308 *mihi
939 4245 1067 4308 videtur
1089 4243 1230 4325 Vergilio
1257 4242 1292 4306 in
1320 4240 1427 4304 animo

193 4345 226 4408 id
247 4344 356 4426 fuisse,
386 4367 482 4430 quam
513 4347 691 4412 miserabili
721 4348 815 4412 modo
839 4347 960 4412 Polites
981 4367 1002 4409 a
1024 4345 1147 4429 Pyrrho
1169 4344 1352 4409 trucidatus
1375 4342 1426 4405 sit.

280 4554 306 4619 1)
324 4551 429 4621 Specto
447 4554 609 4607 adversum
630 4557 668 4621 18,
687 4554 721 4606 (10
741 4571 795 4621 quo
817 4557 915 4621 postea
933 4552 1060 4606 tractabo
1078 4550 1125 4618 (af.
1144 4569 1170 4619 p.
1184 4551 1237 4617 31).

283 4639 309 4704 2)
331 4637 412 4694 Falso
430 4639 533 4709 legitur
549 4640 624 4708 apud
641 4639 853 4697 bondenum
871 4639 905 4692 Δ.
923 4639 953 4692 1³.
974 4637 999 4690 V
1017 4641 1041 4690 9.

1204 4724 1221 4778 2
