3342 5392
675 522 871 582 ..9-

164 687 296 777 accepi]
317 686 345 758 δ’
363 689 462 771 ἔστιν,
476 696 479 704 ’
492 689 606 773 inquit,
636 687 718 759 ότοιν
739 688 921 774 πρόσωπον
942 689 1059 773 ἕτερον
1079 685 1159 758 ἄνθ’
1179 688 1294 774 έτέοοο
1315 689 1398 756 aiae·

138 805 144 821 ¹
168 793 290 881 ώμεθοι,
314 789 384 881 ἦτοι
408 791 581 879 πραΰνειν,
604 791 625 880 ἢ
646 793 845 877 ἐποτρύνειν
864 794 1047 874 ἐθέλοντες,
1072 791 1115 873 ὡς
1137 791 1156 861 ό
1178 791 1333 880 ποιητής·

312 911 457 1002 Ἀτρείδη
482 940 548 983 νυν
569 914 612 1001 δή
633 933 668 982 σε
689 912 771 995 ἅναξ
795 915 969 983 ἐθέλουσιν
981 912 1099 1001 Ἀχαιοὶ

313 1027 414 1086 πᾶσιν
436 1019 623 1106 ἐλέγχιστον
645 1019 782 1105 θέμεναι
803 1016 983 1105 μερόπεσσι
1004 1021 1183 1105 βροτοῖσιν.

316 1117 394 1190 οὐδέ
417 1147 448 1189 τι
471 1122 677 1190 ἐκτελέουσιν
699 1120 886 1208 ὑπόσχεσιν,
911 1119 1014 1208 ἥνπερ
1038 1119 1185 1189 ὑπέσταν
1197 1121 1231 1204 ¹).

167 1245 236 1311 ἐπεὶ
263 1243 327 1328 γὰρ
358 1238 529 1330 ἀπότομον
552 1234 595 1331 ἦν
616 1245 734 1330 λέγειν,
766 1233 943 1329 ὧΆχιιιοέ,
977 1239 1088 1311 ἄδικοί
1118 1243 1200 1319 ἐστε,
1229 1238 1312 1327 πρὸς
1341 1239 1401 1309 τὸν

167 1346 300 1434 βασιλέα
320 1343 383 1414 οὐκ
398 1347 570 1426 ἐθέλοντες
586 1347 729 1414 ἐκτελεῖν
745 1343 836 1435 αὐτῷ
852 1345 910 1426 τὰς
926 1344 1126 1432 ὑποσχέσεις,
1148 1343 1401 1432 μετεσχημάτισε

167 1448 228 1518 τὸν
255 1450 357 1536 λόγον
386 1449 468 1536 πρὸς
498 1447 603 1518 αὐτὸν
632 1448 693 1518 τὸν
715 1447 947 1536 Ἀγαμέμνονα.
992 1450 1094 1514 Recte
1124 1454 1232 1513 monet
1264 1447 1402 1512 Mense

168 1555 201 1639 (l.
226 1578 250 1620 s.
273 1577 349 1638 sp.
376 1551 431 1637 21)
468 1553 708 1619 Herodiano
744 1553 847 1620 videri
881 1552 1116 1619 Alexandri
1155 1550 1403 1618 notaminisse

159 1655 385 1724 'definitionem
400 1729 402 1733 ,
417 1663 451 1722 et
479 1657 635 1742 exempla,
669 1679 741 1722 cum
771 1657 884 1723 eadem
914 1658 1041 1723 ratione
1070 1656 1236 1722 describat
1265 1655 1404 1739 figuram
1491 1719 1498 1727 ,

171 1762 349 1844 eodemque
365 1767 478 1827 utatur
494 1761 640 1846 exemplo
665 1763 717 1844 (cf.
741 1761 828 1846 apud
850 1761 1039 1846 Spengel.
1061 1761 1107 1825 111
1130 1783 1160 1844 p.
1178 1762 1242 1844 26).
1274 1761 1404 1826 Summo

168 1866 239 1956 iure
259 1865 416 1943 rhetores,
443 1887 524 1948 quos
554 1872 718 1950 postremo
742 1864 818 1945 dixi,
850 1865 1006 1930 addentes
1032 1864 1114 1932 illud
1136 1863 1269 1928 Homeri
1299 1883 1405 1926 exem-

169 1969 258 2054 plum
291 1969 411 2052 egressi
443 1975 517 2034 sunt
548 1991 566 2034 e
592 1969 710 2034 finibus
741 1969 898 2034 sermonis
928 1963 1080 2050 forensis3
1117 1989 1190 2032 oum
1214 1966 1299 2031 enim
1320 1965 1405 2029 inter
1523 1993 1530 2004 ·

170 2095 280 2138 omues
302 2078 429 2138 constet
452 2074 610 2138 rationem
634 2072 824 2138 elocutionis
848 2071 1013 2138 ornandae
1029 2094 1089 2157 per
1110 2072 1231 2156 primos
1253 2069 1401 2134 rhetores

89 2200 96 2215 ·
171 2177 316 2262 apaetis
338 2178 509 2262 repetitam
527 2199 596 2242 esse
609 2177 644 2262 2),
667 2182 805 2262 apparet
826 2167 1046 2261 apostrophus
1061 2196 1190 2260 quoque
1207 2175 1269 2238 vim
1292 2172 1405 2255 ampli-

172 2289 260 2346 orem'
292 2280 393 2346 fuisse
426 2303 531 2365 neque
564 2282 598 2345 in
630 2282 736 2346 causis
768 2287 896 2345 tantum
925 2281 987 2344 fori
1016 2301 1087 2345 eam
1118 2278 1299 2344 adhibitam
1326 2297 1405 2340 esse.

173 2388 278 2468 Atque
302 2385 328 2449 si
351 2390 464 2470 poetas
486 2386 528 2450 ab
547 2385 610 2450 hac
630 2390 724 2470 parte
746 2406 982 2470 percensemus‚
1005 2404 1215 2468 permagnum
1237 2402 1406 2446 numerum

173 2488 286 2554 talium
316 2488 588 2573 apostropharum
621 2490 808 2554 invenimus.
860 2489 934 2553 Huc
965 2488 1086 2553 cadunt
1115 2507 1225 2552 omues
1253 2484 1329 2549 illae
1358 2484 1407 2548 in·

174 2592 360 2658 vocationes
389 2592 523 2658 deorum
550 2599 583 2657 et
611 2614 776 2659 musarum
798 2593 887 2657 velut
909 2592 1002 2674 Verg.
1018 2591 1096 2656 Aen.
1118 2591 1133 2655 Ι
1156 2596 1191 2659 'it
1214 2594 1314 2665 Musa,
1335 2593 1408 2651 miii

174 2717 285 2772 causas
307 2718 440 2761 memora
463 2722 529 2774 ...;
552 2697 752 2762 convertitur
775 2697 858 2761 enim
882 2717 988 2760 sermo
1011 2701 1068 2760 aut
1088 2693 1197 2780 potius
1219 2691 1364 2756 narratio
1388 2712 1408 2754 a

173 2799 289 2878 iudice,
317 2799 349 2864 h.
374 2820 399 2864 e.
423 2799 465 2865 ab
489 2820 536 2880 eo,
567 2799 609 2864 ad
636 2822 731 2884 quem
761 2821 867 2865 sermo
889 2798 1038 2878 habetur,
1067 2798 1122 2863 hic
1150 2797 1250 2881 igitur
1279 2793 1321 2859 ab
1351 2795 1406 2872 eis,

175 2903 231 2985 qui
246 2903 465 2968 narrationem
480 2908 598 2994 poetae
614 2903 750 2968 audiunt
764 2903 815 2968 uel
830 2902 949 2986 legunt,
972 2901 1015 2967 ad
1029 2901 1265 2967 invocationem
1287 2918 1407 2963 musae.

175 3005 299 3071 Deinde
324 3005 481 3071 afferendi
504 3013 580 3072 sunt
601 3007 674 3092 loci,
695 3006 752 3071 ubi
772 3011 950 3090 praecepta
965 3005 1125 3088 quaedam
1142 3003 1192 3068 vel
1206 3001 1409 3086 hortationes

176 3108 218 3174 ad
248 3131 419 3194 personam
449 3110 591 3194 aliquam
621 3110 687 3175 sive
716 3131 784 3174 rem
814 3131 887 3174 cum
914 3109 1081 3174 aversione
1112 3106 1295 3189 diriguntur
1321 3104 1409 3169 velut

178 3212 268 3277 Ovid.
291 3213 379 3278 Fast.
399 3214 432 3279 11
455 3219 531 3280 557:
562 3218 639 3278 liam
663 3224 761 3278 tamea
782 3219 859 3278 haee
877 3220 962 3290 fient,
991 3217 1103 3276 viauae
1126 3221 1243 3274 cessate
1264 3214 1410 3288 paellae!

178 3322 236 3382 aut
260 3317 307 3380 lix
328 3317 420 3381 Pont.
443 3317 474 3382 11
497 3323 525 3395 2,
550 3323 606 3382 61:
629 3321 759 3395 Liapaa,
781 3321 858 3381 sile!
880 3322 937 3380 aut
960 3313 1075 3380 Catuli.
1098 3313 1221 3378 XXVII
1244 3319 1262 3376 5
1284 3310 1336 3395 (cf.
1360 3309 1409 3375 ed.

177 3442 274 3502 quam
306 3420 383 3485 iecit
411 3419 655 3504 Baehrens):
687 3426 725 3484 At
754 3442 815 3497 aar,
848 3441 906 3499 qao
936 3423 1018 3484 labet
1046 3423 1117 3482 iriae
1139 3421 1229 3492 abite,
1261 3420 1410 3496 lymphae,

185 3527 252 3587 Vini
270 3529 437 3602 pernicies,
461 3535 491 3588 ei
511 3531 554 3589 aa
573 3545 696 3588 seueros
712 3527 867 3602 Mipraie!
902 3521 974 3586 Non
993 3520 1165 3586 obliviscar
1186 3539 1285 3603 porro
1297 3518 1411 3582 talium

179 3626 409 3710 exemplorum,
438 3648 523 3710 quae
545 3627 712 3692 continent
734 3625 1011 3704 exclamationem,
1042 3623 1166 3688 scilicet
1194 3622 1227 3687 in
1256 3625 1412 3704 quantum

178 3729 301 3794 hahent
318 3731 527 3795 aversionem.
564 3735 641 3795 Nam
662 3736 699 3795 ut
718 3734 806 3794 recte
829 3733 939 3793 monet
961 3727 1102 3792 Mansa
1124 3724 1178 3808 (cf.
1193 3725 1214 3789 l.
1229 3748 1254 3790 s.
1270 3747 1294 3790 s.
1309 3725 1412 3808 pit),

138 3845 140 3850 '
180 3841 380 3899 exclamando
403 3856 463 3898 aaa
486 3839 662 3899 necessario
687 3839 754 3912 quis
781 3838 991 3912 compeliatur,
1018 3838 1076 3895 sed
1103 3835 1184 3894 hane
1212 3849 1331 3908 qaoque
1360 3849 1412 3891 ex-

180 3943 389 4002 clamationem
405 3942 517 4004 habeo:
540 3960 557 4002 o
580 3948 769 4016 quantopere
790 3946 947 4000 mutantur
963 3941 1119 4014 tempora!
1141 3938 1192 3997 ahi
1214 3954 1270 3997 aee
1292 3937 1412 3996 aversio

181 4063 201 4105 a
222 4046 334 4118 iudice,
363 4062 420 4105 aee
450 4047 568 4106 omnino
595 4046 778 4119 compellare
800 4044 931 4118 aliquem
953 4042 1096 4102 eoaieaai
1122 4046 1226 4116 potest
1251 4044 1412 4098 aratorem.

182 4144 279 4210 Verte
302 4149 410 4209 autem
433 4164 554 4227 quaeso
576 4143 687 4210 oculos
709 4163 834 4208 mecum
858 4140 900 4205 ad
922 4162 1058 4218 uersum,
1092 4160 1187 4222 quem
1215 4138 1297 4220 legis
1326 4136 1413 4200 Fast.

182 4247 272 4313 Ouid.
295 4248 310 4312 1
333 4253 393 4313 87:
415 4253 514 4325 Saloe,
538 4255 620 4313 laeta
643 4253 718 4326 aies,
808 4251 867 4310 aaut
889 4238 1005 4308 Tibuli.
1027 4243 1074 4308 111
1096 4249 1126 4321 4,
1144 4247 1200 4307 61:
1230 4246 1265 4317 Α,
1288 4246 1414 4305 crudele

269 4476 294 4543 1)
313 4473 354 4528 cf.
371 4472 406 4527 ll.
424 4471 457 4526 H
474 4475 525 4526 284
534 4489 592 4541 sqq.

268 4561 297 4628 2)
315 4559 479 4614 Conferatur
498 4558 752 4620 Buehholdus‚
778 4557 812 4610 de
841 4571 1054 4625 paromoeoseos
1073 4550 1306 4621 (adlitterationis)
1339 4549 1413 4618 apud

182 4652 290 4703 veteres
307 4645 495 4701 Romanorum
513 4649 610 4716 poetas
628 4662 679 4698 usu
697 4643 773 4712 (diss.
792 4642 859 4716 phil.
878 4641 955 4713 Lips.
975 4641 1051 4709 1883)
1070 4638 1154 4714 praef.
1173 4656 1200 4708 p.
1218 4638 1282 4710 διο.
