3342 5392
678 506 892 579 „apd

170 681 339 770 quisquam
356 681 507 770 negabit3
528 691 638 752 tamen
661 684 901 752 eoncedendum
925 690 975 752 est
992 707 1052 771 per
1067 681 1235 770 enallageo
1250 702 1409 771 personae

170 788 265 854 simul
287 789 320 853 in
336 810 431 854 versu
448 794 508 854 302
526 795 726 854 natumesse
741 789 827 855 hunc
843 811 966 856 merum
983 789 1163 875 dactylum:
1186 791 1330 876 (puplpis
1345 800 1408 856 tua.

171 891 328 957 Similiter
360 893 497 957 metrica
531 893 615 958 ratio
646 892 772 957 accedit
802 893 845 958 ad
875 892 1061 958 interiorem
1090 893 1410 959 misericordiae

169 995 219 1060 his
242 995 322 1061 locis
346 995 527 1061 Ouidianis:
552 996 626 1062 Met.
643 997 689 1061 Ill
716 1001 792 1078 1313
817 996 863 1061 IX
887 1001 965 1077 5813
986 996 1048 1061 XII
1071 1001 1132 1062 312
1149 1016 1234 1082 sqq.;
1258 997 1318 1063 XV
1333 1004 1409 1080 61⁷3

169 1099 256 1165 Fast.
281 1100 401 1182 v2253
424 1099 468 1164 VI
484 1105 560 1180 5533
585 1099 680 1165 Trist.
696 1099 743 1164 lll
761 1106 809 1179 10,
826 1106 883 1181 413
915 1101 984 1166 Art.
1007 1106 1104 1166 amat.
1121 1100 1151 1165 11
1173 1103 1254 1182 4033
1276 1101 1409 1168 Remed.

170 1207 226 1284 68;
250 1207 331 1284 2523
354 1203 404 1268 Ex
426 1202 518 1268 Pent.
541 1203 600 1283 19,
621 1209 672 1271 44.
718 1203 834 1288 Georg.
857 1203 903 1268 ΙΙΙ
928 1208 986 1270 391
1006 1225 1075 1288 sqq.
1099 1203 1250 1288 legimns:
1280 1209 1410 1270 Munere

167 1312 214 1370 sic
236 1312 323 1372 niuea
345 1314 453 1383 lanae,
485 1311 512 1370 si
535 1312 666 1371 credere
689 1311 813 1387 dippum
837 1316 891 1382 est,
922 1311 989 1370 Pau
1013 1312 1089 1371 deus
1112 1313 1267 1372 Arcadiae
1289 1318 1409 1388 captam

168 1420 208 1486 te,
231 1414 329 1487 Luna,
351 1412 466 1486 fefellit
489 1414 525 1473 Iu
549 1431 674 1474 nemora
696 1416 761 1474 alta
784 1431 914 1485 recaos;
934 1430 992 1473 uec
1007 1419 1039 1473 tu
1055 1420 1224 1489 aspernata
1245 1421 1409 1488 uocantem,

168 1514 221 1578 cui
237 1513 455 1598 apostrophae
470 1513 568 1577 insita
584 1511 735 1578 videntur
750 1513 869 1597 partim
885 1513 1101 1592 veneratio,
1116 1515 1235 1598 partim
1252 1514 1323 1578 mis
1333 1515 1409 1578 eri-

168 1617 329 1698 eordia,
352 1617 472 1702 partim
494 1616 713 1700 indignatio
735 1622 868 1701 poetae,
891 1615 947 1681 sed
968 1616 1023 1681 hic
1038 1637 1167 1700 quoque
1181 1615 1288 1701 figura
1302 1618 1409 1683 versui

169 1719 331 1806 dactylico
352 1721 416 1807 fuit
437 1720 614 1804 aptissima.

256 1824 301 1888 Ut
321 1823 417 1889 huius
435 1824 633 1908 paragraphi
657 1824 699 1888 ad
713 1822 809 1889 finem
825 1822 1061 1908 perveniamus,
1083 1828 1196 1917 restat,
1218 1829 1256 1890 ut
1275 1824 1409 1890 afferam

165 1926 339 1992 'nonnullos
361 1927 458 2006 locos,
491 1926 548 1991 nbi
579 1948 684 1992 sermo
708 1927 846 1993 vertitur
875 1948 954 1991 noo
983 1926 1034 1991 od
1056 1947 1261 2011 personas
1284 1949 1409 2011 quas·

171 2030 278 2108 dam,
301 2030 358 2095 sed
381 2029 430 2094 ad
452 2029 617 2095 bestias
640 2035 672 2095 et
694 2051 759 2095 res
784 2031 1002 2094 inanimae.
1034 2062 1037 2066 ·
1074 2026 1078 2034 “

256 2133 310 2198 Sic
331 2135 474 2198 invocari
496 2133 647 2199 ridentur
669 2154 709 2198 ex
739 2133 1038 2198 misericordia
1058 2139 1175 2219 poetae
1199 2133 1285 2199 Fast.
1307 2134 1322 2198 1
1345 2138 1406 2199 362

164 2242 312 2316 placidae
335 2258 421 2302 ores:
453 2242 534 2315 Quid
554 2242 617 2314 bes,
644 2243 719 2318 quid
732 2243 881 2316 placidae
903 2243 1121 2301 commeruistis
1143 2245 1232 2303 aues?
1276 2238 1409 2302 Vene-

170 2341 281 2405 ratio
311 2348 344 2404 et
375 2362 487 2405 amor
508 2342 635 2424 patriae
658 2343 742 2405 inest
763 2341 831 2405 sine
861 2340 960 2406 dubio
982 2341 1114 2406 Heroid.
1137 2341 1167 2404 X
1190 2347 1230 2406 67
1247 2362 1311 2424 sq.:
1342 2345 1408 2405 Nou

171 2455 294 2524 epate,
328 2448 416 2508 Crete
438 2455 556 2508 ceolum
580 2450 700 2525 dipesta
719 2465 781 2525 per
802 2438 913 2519 ardes,
944 2449 1135 2522 Adspiciam,
1161 2466 1263 2523 puero
1286 2450 1410 2525 capuita

170 2557 257 2612 terra
280 2551 354 2623 Iovi,
374 2554 417 2635 et
439 2547 525 2612 Fast.
549 2547 592 2612 lV
616 2553 697 2613 806:
736 2554 823 2624 auca
844 2555 881 2625 fit
909 2553 1007 2612 catali
1028 2567 1111 2612 uuae
1141 2569 1275 2628 queque,
1306 2552 1409 2625 Rama,

172 2659 231 2715 tua.
276 2649 468 2715 Laetitia
492 2657 524 2715 et
552 2651 840 2716 admiratione
864 2657 979 2735 eaptus
1007 2651 1199 2716 recordatur
1223 2653 1347 2716 Aeneas
1376 2653 1409 2714 in

169 2773 263 2817 versu
287 2755 342 2836 qui
366 2760 415 2817 est
439 2758 514 2819 rlen.
537 2756 583 2820 ΙΙΙ
607 2761 667 2820 705
697 2761 855 2834 palmosa'e
878 2759 1054 2820 Selinuntis.
1109 2749 1408 2836 Indignatione

171 2851 293 2920 stira
315 2857 481 2940 perfusum
512 2856 614 2922 habea
637 2857 785 2922 Ovidium
809 2857 889 2922 locis
918 2857 974 2941 qui
997 2861 1126 2922 extant:
1159 2859 1267 2921 Amor.
1289 2857 1337 2921 111
1361 2863 1409 2935 12,
1444 2884 1447 2893 ·

174 2965 187 3022 1
207 2981 270 3041 sq.:
297 2965 371 3037 Quis
388 2966 453 3040 suit
471 2965 522 3024 ille
545 2966 621 3038 dies,
645 2983 703 3040 que
726 2965 828 3024 tristia
850 2981 970 3040 semper
986 2965 1101 3023 amanti
1121 2963 1303 3024 Omiua'uoa
1320 2964 1409 3024 albae

170 3067 368 3126 ceucirmistis
390 3070 484 3127 aves?
528 3066 595 3128 Art.
620 3064 855 3152 amat-,13382
885 3067 1080 3144 Hippolytum
1104 3068 1214 3142 pauidi
1237 3064 1409 3142 diripuistis

171 3171 249 3244 equi.
295 3165 370 3230 Met.
394 3167 437 3230 Vl
459 3172 537 3230 421:
563 3217 645 3234 ....
670 3171 760 3231 Solae
782 3171 927 3230 cessastis
947 3172 1092 3231 Athenae.
1137 3166 1232 3230 Trist.
1250 3166 1276 3230 V
1299 3174 1328 3244 5,
1353 3170 1408 3230 32:

175 3272 305 3336 Consilio
328 3272 453 3346 fupiuut
474 3276 612 3346 aethera,
637 3275 741 3347 Poute,
765 3280 855 3335 tuum.
899 3269 995 3334 Trist.
1016 3269 1046 3335 II
1071 3269 1139 3351 1¹):
1166 3273 1247 3346 Quid
1267 3273 1341 3333 mihi
1361 3291 1408 3334 aa·

171 3377 284 3436 diaeum
307 3384 363 3454 est,
388 3375 500 3450 iuseliu
523 3395 610 3452 curri,
634 3377 735 3439 libelli.
789 3373 1057 3438 Deridentem
1080 3371 1175 3436 offert
1197 3393 1232 3436 se
1254 3379 1352 3456 poeta
1375 3374 1409 3437 in

170 3479 265 3540 versu
288 3477 343 3560 qni
366 3483 416 3541 est
431 3477 526 3544 Trist.
543 3478 585 3542 IV
605 3484 653 3556 10,
672 3479 758 3542 13οιΙ
775 3483 918 3541 dratinus
940 3487 973 3540 ut
994 3481 1121 3551 moriar,
1143 3496 1203 3538 ooo
1225 3497 1288 3553 ero,
1310 3488 1407 3553 terra,

171 3589 250 3644 tuus.
288 3580 422 3664 Semper
445 3586 553 3645 autem
577 3581 717 3647 efficitur
737 3601 795 3665 per
817 3580 954 3664 figuram
979 3578 1126 3664 dactylus
1148 3579 1182 3642 in
1198 3580 1311 3662 quinto
1325 3579 1408 3662 pade

170 3681 351 3747 hexametri
373 3683 423 3747 vel
444 3685 476 3748 in
499 3690 617 3767 quarto
640 3691 697 3749 aut
717 3684 830 3768 quinto
852 3683 934 3767 pede
958 3683 1163 3767 pentametri.

258 3785 328 3850 Hac
344 3787 581 3852 dissertationis
603 3794 697 3872 parte
721 3789 928 3870 eognovimus
951 3786 1108 3871 exempla,
1130 3785 1186 3850 nbi
1209 3786 1409 3870 apostropha

171 3890 292 3972 optime
312 3889 561 3974 intellegebatur
577 3913 616 3956 ex
637 3889 755 3956 affeetu
777 3891 896 3973 aliquo,
920 3891 977 3974 sed
992 3896 1029 3954 ut
1047 3888 1143 3954 simul
1157 3910 1216 3973 per
1232 3910 1303 3953 eam
1319 3888 1408 3972 leges

103 4030 106 4036 -
170 3992 301 4074 aliquae
325 3993 477 4058 metricae
498 4000 713 4059 servarentur.
758 3994 850 4073 Quod
874 3995 901 4058 si
923 3993 1073 4058 crederes
1095 3999 1209 4076 pectas
1232 3991 1352 4075 ubique
1371 4013 1408 4058 re

169 4116 248 4160 vera
270 4097 395 4161 axillis
418 4096 545 4162 duabus
567 4097 748 4163 rationibus
772 4101 948 4162 commotos
971 4116 1040 4160 asso
1064 4095 1105 4159 ad
1125 4097 1262 4178 liguram
1285 4095 1407 4160 adscis-

171 4198 316 4278 cendum,
339 4200 407 4265 sine
429 4199 529 4265 dnbio
550 4221 685 4266 errares.
725 4201 861 4265 Etiamsi
883 4200 1044 4265 interdum
1066 4198 1123 4263 illa
1145 4198 1291 4281 enallage
1312 4218 1408 4263 casus

168 4358 375 4367 -—-—-

258 4458 285 4524 1)
303 4455 367 4511 Hoc
386 4458 414 4510 in
432 4475 514 4512 versu
532 4459 650 4512 evitatur
668 4458 749 4511 simul
767 4459 856 4512 forma
878 4457 985 4525 infelici
1008 4461 1098 4510 metro
1124 4455 1312 4525 iniquissima3
1338 4455 1407 4511 talea

171 4542 247 4596 enim
265 4560 349 4597 voces
367 4561 436 4612 quae
455 4549 584 4597 constant
603 4562 637 4597 ex
662 4545 769 4598 duobus
796 4543 926 4612 spondeis
951 4544 979 4597 in
1002 4543 1164 4612 hexametro
1188 4542 1291 4596 habent
1314 4541 1407 4595 locum

170 4633 280 4683 tentum
300 4631 329 4683 in
347 4630 425 4684 initio
445 4635 474 4684 et
491 4631 519 4684 in
537 4630 591 4684 lina
609 4647 711 4684 versus.
