3342 5392
638 522 853 582 ..47-

125 687 271 751 ineunda
287 689 501 752 enarrationis
525 689 632 752 lentae
646 689 792 754 variatio.
829 689 861 752 Il
884 694 934 767 26,
957 696 1032 771 ssq.
1051 708 1135 768 vero,
1159 689 1213 752 ubi
1229 689 1365 771 legitur:

128 797 218 866 Quae
240 802 301 854 tam
325 812 380 870 epo
402 797 552 870 Neptuno,
585 814 664 870 quoe
685 803 745 855 tum
767 813 833 856 curu
861 796 986 856 Castore
1007 795 1114 867 fratri,
1146 797 1290 870 (luceque
1313 798 1367 856 tibi

126 900 248 973 excepi,
271 900 330 958 ium
351 900 423 969 1100,
446 898 637 972 Leucothoe„
650 900 683 958 et
704 895 794 974 llll,
814 899 852 960 31
865 917 921 978 sq,
944 895 1001 960 nbi
1022 895 1223 959 enumeratio
1243 916 1364 973 eorum,
1414 969 1419 978 ,

125 1018 265 1079 quorum
281 1003 380 1066 mains
395 1001 432 1061 ab
449 1004 587 1076 exequiis
601 1019 707 1062 nomen
730 1005 762 1060 in
786 1019 843 1062 oro
865 1004 947 1061 uenit
969 1000 1009 1080 (v.
1033 1000 1097 1079 24),
1119 999 1366 1081 interrumpitur

125 1121 189 1182 per
210 1101 426 1164 aversionem:
450 1105 572 1179 Exipuo
587 1122 726 1165 sermone
740 1104 827 1176 fores
846 1122 938 1177 nunc,
961 1106 1052 1177 Ilion,
1075 1111 1105 1164 et
1126 1113 1168 1178 tu,
1195 1106 1221 1164 T
1218 1107 1297 1178 reio,
1320 1107 1366 1167 bis

131 1207 250 1280 Oetaei,
273 1209 594 1282 aepiscopatu,
628 1204 765 1288 denique
787 1205 833 1269 111
859 1210 906 1282 19,
931 1210 981 1282 21,
1004 1226 1067 1287 quo
1090 1206 1122 1268 in
1145 1226 1249 1283 versu,
1278 1212 1366 1288 post--

127 1328 228 1388 quam
250 1306 306 1370 de
341 1306 510 1390 Pasiphae,
542 1309 635 1391 Tyro,
669 1308 810 1392 Myrrha,
843 1293 967 1385 Medea,
997 1307 1232 1391 Clytaemestra
1259 1316 1297 1372 ut
1326 1309 1365 1372 de

126 1411 236 1474 tertiis
269 1411 416 1494 personis
448 1417 546 1494 poeta
580 1410 708 1475 locutus
739 1417 796 1488 est,
831 1410 939 1474 subito
969 1411 1002 1474 in
1031 1411 1137 1475 medio
1170 1413 1366 1476 narrationis

127 1519 243 1578 tenore
266 1512 302 1577 fit
326 1514 452 1578 aversio
474 1514 507 1577 in
530 1513 679 1599 Scyllam,
707 1514 856 1578 videntur
886 1514 965 1577 mihi
988 1514 1118 1596 quidem
1148 1515 1366 1598 apostrophae

125 1623 256 1681 tantum
272 1618 459 1712 variationis
476 1619 582 1700 gratia
597 1619 665 1682 sine
681 1617 747 1683 ullo
764 1615 882 1682 affectu
899 1623 991 1681 ortae
1007 1639 1086 1681 esse.
1111 1656 1152 1664 -
1176 1617 1220 1681 Ut
1243 1619 1364 1683 nullum

26 1753 27 1786 l
128 1722 237 1786 locum
253 1721 448 1799 omittamus,
472 1743 535 1804 quo
551 1723 740 1805 Propertius
754 1723 892 1804 figuram
909 1720 1066 1798 adhibuit,
1082 1728 1194 1800 restat,
1219 1734 1254 1785 ut
1269 1723 1369 1786 verba

130 1825 290 1890 faciamus
321 1825 360 1888 de
392 1819 546 1904 versibus,
577 1825 633 1908 qui
663 1831 776 1889 extant
797 1825 840 1890 IV
870 1831 916 1903 ll,
943 1818 1056 1908 37qu
1093 1828 1199 1888 Testor
1220 1817 1368 1889 maiorum

129 1935 252 1993 cineres
275 1933 337 2004 tibi,
360 1933 470 2005 Romu,
488 1935 640 2004 colendos,
664 1933 724 1992 Sub
749 1949 876 2006 quorum
899 1933 1004 2004 titulis,
1027 1931 1147 2004 Africo,
1172 1940 1260 1992 tonso
1274 1934 1368 1992 iaces.

130 2033 264 2096 Aversio
286 2033 319 2095 in
343 2033 478 2096 Romam
510 2031 598 2095 facta
630 2032 771 2114 perbene
803 2031 980 2114 explicabis
1009 2052 1049 2094 ex
1075 2032 1368 2110 veneratione,

131 2157 230 2217 quam
259 2134 407 2223 Cornelia
434 2137 467 2200 in
494 2136 634 2218 patriam
666 2134 783 2215 habet,
818 2133 896 2217 quid
928 2155 1004 2197 vero
1032 2135 1102 2198 vult
1130 2134 1235 2217 figura
1265 2135 1369 2207 altero

130 2238 226 2302 looo‘?
264 2238 297 2301 Si
321 2240 393 2321 quis
419 2239 508 2302 dicat
523 2238 701 2302 Corneliam
725 2237 879 2321 superbia
895 2244 1097 2318 commotam,
1120 2237 1207 2321 quod
1229 2239 1369 2302 maiores

130 2341 276 2406 Africam
308 2342 560 2424 superavissent,
596 2342 828 2424 interposuisse
862 2342 967 2405 versui
1004 2342 1185 2406 irrisionem
1219 2343 1252 2405 10
1285 2342 1369 2406 hanc

130 2451 263 2524 terram,
287 2445 367 2508 haee
390 2445 550 2508 sententia
572 2444 650 2508 mihi
674 2444 808 2527 probari
831 2465 894 2508 non
914 2445 1027 2528 possit.
1071 2438 1236 2527 Equidem
1254 2444 1368 2509 censeo

130 2537 217 2612 11000
246 2548 477 2640 apostropham
509 2546 657 2611 effectam
686 2569 755 2612 esse
778 2569 816 2612 ex
840 2547 1136 2612 accommodatione
1159 2549 1309 2632 quadam,
1333 2555 1369 2612 ut

130 2653 164 2716 iu
186 2651 241 2714 illo
265 2650 421 2714 Ovidiano
445 2651 591 2740 exemplo
615 2651 754 2715 diximus
777 2652 830 2734 (oi.
848 2674 877 2734 p.
894 2654 967 2734 40);
991 2651 1148 2730 Cornelia,
1172 2673 1256 2735 quae
1272 2652 1367 2716 modo

131 2754 307 2819 0110110010
324 2775 502 2819 sermonem
518 2756 614 2820 vertit
631 2754 670 2818 ad
688 2755 832 2832 Romam,
854 2760 1043 2838 perseverat
1064 2757 1096 2821 in
1113 2755 1225 2820 eadem
1242 2757 1368 2820 ratione

130 2858 268 2935 dicendi,
292 2879 375 2941 quae
398 2857 474 2922 huic
497 2859 603 2923 versui
627 2858 743 2922 idonea
767 2879 830 2922 non
855 2843 912 2922 est.

219 2961 470 3047 Propertius
501 2962 730 3045 apostropham
762 2961 914 3025 adhibuit
944 2961 1011 3025 fere
1039 2963 1072 3024 in
1102 2963 1368 3045 quinquagesimo

132 3086 262 3150 quoque
295 3086 400 3144 versu,
435 3087 528 3148 quem
562 3072 687 3129 tantum
722 3086 890 3128 numerum
918 3064 1024 3128 adhuc
1057 3066 1235 3134 invenimus
1264 3067 1367 3130 solum
1439 3076 1441 3081 '

131 3171 164 3234 in
203 3169 310 3232 Fastis
341 3168 525 3250 Ovidianis3
569 3189 632 3232 non
662 3167 797 3232 multum
830 3168 916 3231 cedit
952 3169 985 3230 in
1023 3168 1084 3232 1100
1121 3189 1156 3232 10
1188 3168 1369 3252 Proper-

131 3275 194 3337 tio
222 3270 437 3336 Tibullus
469 3272 628 3355 praebens
661 3269 798 3354 figuram
835 3272 964 3334 circiter
1001 3272 1203 3351 sexagesimo
1241 3292 1369 3354 quoque

132 3397 236 3440 versu.
292 3375 369 3439 Cum
405 3397 479 3439 vero
512 3376 693 3459 pleraeque,
725 3375 997 3458 apostropharum
1031 3395 1071 3438 ex
1108 3374 1222 3437 horum
1256 3381 1368 3457 poeta-

133 3483 205 3543 r'um
240 3478 359 3542 affectu
394 3480 502 3561 aliquo
534 3478 690 3562 explicari
722 3478 899 3561 potuerint,
936 3477 1145 3542 confirmatur
1178 3478 1239 3541 hoc
1273 3479 1368 3542 modo

134 3583 264 3665 optime,
295 3583 381 3665 quod
406 3584 465 3648 viri
488 3583 574 3646 docti
597 3583 629 3646 in
652 3581 754 3660 libris,
780 3583 837 3665 qui
860 3588 935 3646 0001
957 3580 997 3645 110
1022 3581 1159 3646 historia
1186 3582 1369 3646 litterarum

133 3688 366 3762 Romanorum,
403 3685 631 3750 iudicaverint:
669 3684 741 3749 illos
774 3691 889 3768 poetas
919 3685 1086 3767 praeditos
1123 3684 1222 3749 fnisse
1254 3687 1370 3750 animis

134 3789 265 3854 fervidis
289 3795 321 3852 et
340 3789 481 3853 incitatis
504 3795 536 3853 et
558 3789 724 3872 scripsisse
748 3809 872 3852 summo
889 3810 960 3852 cum
982 3788 1106 3855 ardore.
1146 3789 1276 3853 Falsum
1292 3810 1369 3854 sane

133 3899 183 3956 est
196 3892 302 3956 dicere
318 3893 350 3954 in
364 3893 557 3968 Horati0,
574 3894 650 3974 quia
665 3892 826 3956 invenitur
843 3891 944 3956 multo
959 3893 1089 3975 parcior
1103 3877 1135 3954 in
1152 3893 1369 3975 apostrophae

134 4017 203 4074 usu,
229 3995 326 4059 fuisse
343 3997 483 4060 animum
500 3997 611 4059 ‘minus
627 3995 768 4058 alacrem
783 4001 817 4059 et
836 4001 988 4058 erectum.
1026 3995 1098 4059 Noli
1115 3996 1198 4059 enim
1215 3995 1369 4073 oblivisci,

135 4099 220 4182 quod
246 4099 375 4181 saepius
403 4098 466 4163 hac
488 4101 520 4162 in
545 4085 770 4168 dissertatione
794 4099 898 4175 attuli,
928 4099 961 4161 in
981 4099 1180 4181 apostropha
1203 4099 1370 4182 permagni

135 4203 299 4280 interesse,
333 4203 444 4285 qualia
464 4204 537 4266 'sint
571 4203 737 4282 carmina,¹
765 4223 875 4266 omnes
905 4222 981 4265 vero
1012 4203 1189 4266 concedent
1218 4209 1369 4285 poemata

135 4305 286 4369 Horati
320 4305 510 4388 plerumque
543 4306 702 4372 aversioni
734 4305 829 4370 simili
864 4305 959 4370 inodo
985 4302 1107 4391 *iniqua
1138 4305 1237 4370 fuisse
1271 4313 1369 4388 alque

135 4409 256 4472 Ovidi
279 4409 447 4487 Heroides,
480 4409 645 4492 Epistulas
675 4429 714 4472 ex
738 4409 851 4487 Ponto,
880 4408 1096 4472 Medicamina
1124 4409 1184 4473 100.
1215 4410 1287 4474 iem.
1318 4410 1369 4473 vel

136 4514 279 4576 carmina
297 4511 470 4591 Catulli,
494 4512 681 4590 Lucreti,
706 4511 850 4576 Lucili.
867 4549 911 4558 -
926 4511 1072 4594 Denique
1089 4512 1150 4575 hac
1161 4512 1368 4596 paragrapho

83 4679 91 4702 ‚
136 4618 343 4700 cognovimus
358 4614 562 4700 Propertium
582 4635 645 4680 non
661 4616 797 4679 veritum
814 4635 884 4680 esse
900 4615 1048 4680 similiter
1063 4621 1161 4698 atque
1174 4607 1367 4709 Ovidium
