3342 5392
641 501 857 564 ...39-

124 667 181 732 illa
203 690 261 734 res
284 669 335 734 his
356 669 437 752 locis
461 669 600 736 fortasse
623 693 700 737 casu
724 689 763 737 ac
786 677 908 739 temere
931 673 1066 750 accidit,
1096 654 1226 760 saepius
1248 674 1366 741 funda·
1400 727 1404 730 -

124 779 275 838 mentum
304 775 522 859 apostrophae
553 797 592 841 aa
623 776 723 842 fuisse
752 777 831 842 mihi
862 779 990 862 quidem
1025 779 1160 845 videtur.
1216 782 1293 844 Aen.
1324 779 1367 843 Vl

124 883 183 941 841
205 899 280 961 sqq.
304 879 455 960 legimus:
484 885 556 957 (luis
577 891 606 944 te
628 902 738 961 mapne
766 885 848 958 Cato,
873 888 995 947 tacitum
1011 894 1065 947 aut
1086 895 1125 960 te,
1153 887 1252 959 Cossa,
1274 889 1366 946 relin-

125 987 222 1058 quat?
274 976 348 1059 (iuis
366 987 500 1047 Graccbi
509 1065 511 1072 Ι
520 1005 619 1064 percus
639 995 693 1049 aut
707 992 853 1064 penninos,
876 993 935 1051 cluo
949 989 1081 1062 fulmina
1097 991 1177 1063 belli,
1193 991 1366 1066 Scipiadas,

124 1090 247 1149 cladem
272 1090 400 1168 libyae,
420 1108 579 1167 paruoque
596 1099 749 1166 potentem
772 1093 948 1154 Fabricium
970 1097 1019 1154 uel
1038 1102 1067 1156 te
1087 1097 1188 1167 sulco,
1219 1095 1384 1178 Serrana,

122 1197 300 1254 serentem?
348 1197 412 1267 {iiio
434 1193 549 1265 sessum
572 1197 694 1270 rapitis,
727 1197 836 1257 Fabii?
865 1204 926 1257 tum
950 1198 1102 1258 Maximus
1125 1200 1176 1258 ille
1200 1216 1249 1270 es,
1285 1197 1367 1257 Unus

124 1299 291 1373 quinatis
320 1301 493 1359 cunctando
516 1301 659 1360 restitues
689 1304 774 1360 rem?
825 1296 953 1380 Siquis
983 1297 1043 1362 has
1073 1296 1289 1380 apostrophus
1312 1318 1366 1360 ex-

123 1396 230 1478 plicet
254 1419 293 1462 01
316 1399 422 1462 animo
449 1401 574 1462 Aeneae
599 1400 877 1464 veneratione
899 1399 1109 1483 perfuso,-id
1132 1422 1194 1465 non
1216 1400 1365 1483 probem3
1429 1481 1432 1487 Ι
1505 1472 1511 1476 ,

124 1501 262 1584 minime
286 1503 367 1566 enim
393 1501 470 1566 mihi
499 1502 696 1586 persuadere
718 1521 850 1587 possum
868 1511 998 1587 poetam
1021 1504 1192 1583 Catonem,
1222 1503 1367 1581 Cossum,

124 1606 320 1684 Serranum,
348 1605 465 1670 Fabios
488 1605 642 1672 habuisse
666 1606 843 1690 digniores,
872 1607 989 1691 quibus
1012 1611 1137 1673 Aeneas
1159 1609 1191 1672 in
1215 1607 1365 1672 affectum

122 1709 297 1789 incideret,
320 1731 416 1794 quam
442 1711 615 1788 Gracchos,
638 1711 816 1796 Scipiadas,
842 1711 1036 1777 Fabricium.
1082 1711 1287 1777 Probabilius
1310 1710 1365 1774 ille

121 1815 251 1878 iudicet
273 1815 383 1897 quiin
405 1815 510 1896 figura
534 1813 727 1898 explicanda
751 1837 770 1879 1
796 1817 933 1881 metrica
963 1816 1089 1880 ratione
1122 1815 1365 1900 proficiscatur:
1439 1870 1445 1880 .

122 1919 271 1982 omnium
287 1925 394 1982 tamen
410 1917 675 1989 verisimillimum
690 1925 769 2002 puto
785 1919 835 1984 his
850 1918 931 1984 locis
946 1919 1178 2004 apostropham
1190 1924 1366 2003 propterea

124 2022 290 2087 adscitam
313 2043 396 2101 esse,
429 2027 464 2086 ut
483 2022 572 2086 lenta
591 2023 733 2086 virorum
755 2023 928 2107 insignium
951 2025 1151 2089 enumeratio
1173 2024 1364 2108 variaretur.

123 2126 287 2191 Similiter
322 2125 394 2189 dico
428 2125 467 2190 de
506 2126 729 2210 apostrophis,
770 2148 854 2210 quae
885 2128 1093 2192 inveniuntur
1124 2126 1240 2210 Gcorg.
1270 2126 1301 2191 ΙΙ
1324 2132 1364 2192 95

123 2237 157 2294 01
182 2235 255 2296 101.
300 2229 370 2295 Non
394 2229 526 2293 dubium
550 2232 632 2294 enim
657 2231 735 2294 mihi
757 2231 898 2310 videtur,
921 2231 998 2314 quin
1021 2238 1127 2314 poeta,
1151 2231 1233 2295 siin
1257 2230 1363 2294 animo

122 2334 298 2400 habuisset
312 2355 371 2417 per
394 2332 466 2397 illas
490 2334 674 2398 aversiones
698 2333 890 2417 significare,
914 2354 998 2417 quae
1014 2335 1088 2398 vina
1109 2335 1172 2418 ipsi
1187 2335 1364 2418 praecipue

124 2437 268 2502 fuissent
289 2437 430 2501 iucunda
453 2445 551 2520 atque
574 2458 659 2513 rara,
683 2445 899 2522 usurpaturus
923 2438 1022 2502 fuerit
1042 2435 1179 2520 figuram
1200 2438 1231 2500 in
1260 2458 1365 2516 versu,

123 2541 181 2605 ubi
214 2538 446 2625 praedicantur
480 2562 539 2605 ren
576 2547 641 2620 ipse
674 2546 839 2606 Phanaeus
871 2547 904 2605 et
932 2547 1044 2620 arpitis
1076 2547 1191 2618 minor,
1225 2547 1276 2605 cui
1304 2562 1363 2604 non

124 2650 296 2711 certauerit
324 2650 397 2709 ulla.
449 2644 604 2710 Matrioae
634 2644 847 2712 difficultates
876 2665 915 2708 ne
938 2645 1000 2710 hoc
1029 2645 1157 2728 quidem
1180 2644 1252 2709 loco
1281 2644 1365 2709 tales

124 2756 220 2829 sunt,
256 2755 292 2814 ut
327 2753 456 2832 poetam
488 2757 623 2833 propter
655 2749 728 2813 illas
758 2749 799 2815 ad
829 2748 913 2813 hanc
948 2748 1085 2832 figuram
1119 2748 1364 2813 adsciscendum

124 2860 262 2918 coactus
286 2874 355 2917 esse
378 2852 543 2932 videatur,
570 2854 667 2918 immo
690 2859 727 2918 ut
750 2874 865 2937 supra,
894 2853 949 2917 hic
967 2874 1095 2937 quoque
1117 2854 1278 2917 evitata
1300 2858 1364 2916 cst

124 2977 186 3040 per
212 2955 381 3040 enallagen
405 2977 499 3020 casus
522 2956 665 3021 eadem
688 2956 822 3021 forma
846 2956 1056 3021 orationis
1079 2956 1363 3021 continuatae.

124 3060 282 3125 Eiusdem
298 3059 424 3144 generis
440 3059 586 3143 exempla
602 3066 715 3125 extant
732 3059 847 3124 Aen.X
867 3065 992 3143 185sq.,
1009 3059 1083 3123 Met.
1092 3060 1123 3123 11
1140 3064 1210 3137 723,
1232 3059 1275 3123 Vl
1294 3065 1363 3136 115,

125 3163 155 3226 X
173 3171 225 3238 99,
258 3167 324 3228 Art.
343 3171 439 3227 amat.
462 3163 492 3227 ll
510 3169 581 3241 589,
604 3166 711 3230 Amor.
731 3164 822 3240 1110,
841 3167 877 3227 31
898 3161 1230 3246 sqq.,t'asc.111721,
1253 3163 1363 3226 11143.

215 3267 260 3332 Ut
280 3266 488 3351 paragrapho
511 3273 603 3331 sexta
626 3267 752 3332 decima
780 3265 1011 3350 apostropham
1042 3265 1171 3349 saepius
1201 3266 1309 3331 abisse
1331 3268 1363 3330 in

124 3372 266 3454 figuram
289 3392 376 3434 mere
399 3370 661 3453 grammaticam,
691 3393 755 3454 qua
781 3392 844 3435 non
869 3391 996 3449 sensus,
1028 3369 1085 3434 sed
1110 3374 1236 3433 tantum
1259 3369 1364 3433 torma

125 3475 301 3559 eloquendi
332 3476 426 3538 metri
458 3475 563 3557 gratia
593 3473 797 3550 mutabatur,
828 3474 1050 3557 cognovimus,
1080 3473 1126 3537 sio
1155 3472 1250 3550 locis,
1283 3493 1364 3555 quos

125 3579 224 3643 modo
246 3579 473 3657 tractavimus,
505 3576 651 3659 enallage
682 3599 777 3642 casus
799 3577 849 3641 vel
879 3596 1037 3662 personae
1059 3575 1187 3642 ridetur
1215 3574 1363 3641 similiter

124 3683 217 3747 facta
238 3703 308 3747 esse
327 3687 453 3746 tantum
476 3681 672 3745 narrationis
690 3680 866 3746 variandae
895 3702 994 3746 causa
1021 3680 1142 3746 affectu
1163 3679 1251 3746 nullo
1269 3699 1361 3744 acce·

126 3786 235 3865 dente,
263 3787 312 3851 ita
339 3793 375 3850 ut
398 3786 450 3849 hic
473 3806 601 3868 quoqne
623 3783 729 3867 figura
750 3785 831 3849 nihil
853 3785 978 3850 sitnisi
1000 3784 1094 3849 fucus
1118 3805 1157 3848 ac
1187 3784 1361 3849 ferrumun⁸

214 3925 232 4010 ᾖ
258 3930 304 3991 18.
343 3924 535 4007 Priusquam
558 3922 653 3988 huius
675 3922 779 4006 partis
798 3923 894 3989 finem
918 3923 1044 4002 faciam,
1066 3922 1221 3988 nonnulla
1243 3922 1361 3987 addam

128 4026 169 4091 de
198 4027 287 4106 10011,
317 4027 371 4091 ubi
396 4026 505 4110 plures
536 4026 753 4110 apostrophus
784 4028 1022 4091 continuantur.
1044 4065 1086 4074 -
1109 4029 1215 4109 Atque
1238 4022 1290 4089 vix
1313 4033 1361 4090 est

129 4285 162 4340 de
189 4303 270 4338 versu
294 4285 434 4352 Partheni,
465 4304 547 4356 quem
572 4285 713 4355 Vergilius
745 4287 898 4340 aemulatus
931 4290 986 4352 est,
1014 4275 1107 4354 pergit
1141 4286 1194 4338 sic:
1232 4284 1286 4338 Sed
1320 4284 1363 4336 illi

127 4373 162 4424 H
166 4374 321 4425 orricrico
346 4389 402 4423 non
427 4388 492 4424 sane
511 4389 539 4424 rc
562 4389 661 4440 parem
679 4388 764 4441 ireque
782 4373 898 4425 similem
915 4371 979 4438 fecit
1003 4370 1182 4440 (Vergilius):
1210 4386 1265 4424 esse
1290 4372 1361 4423 enim

128 4458 236 4510 'uidetur
263 4457 377 4509 Homeri
405 4458 555 4524 simplicior
582 4463 606 4510 et
633 4459 772 4525 sincerior,
806 4458 920 4527 Verpilii
950 4462 1042 4510 aulem
1072 4455 1302 4523 restruendisque
1337 4462 1361 4509 ct

129 4542 247 4611 quodam
267 4543 349 4610 quasi
374 4543 523 4609 serruminc
541 4543 662 4594 interiissc
694 4543 828 4608 fucatius:
868 4546 979 4608 Ταῦρον
1007 4536 1030 4596 δ’
1048 4538 1173 4612 Ἀλφειῷ,
1198 4543 1302 4608 ταῦρον
1331 4539 1360 4595 di

131 4626 312 4682 Ποσειδάωνι.
355 4628 478 4681 Taurum
497 4628 636 4696 Neptuno,
655 4633 768 4682 taurum
786 4628 845 4696 tibi,
860 4629 974 4697 pulelier
992 4627 1099 4698 Apollo.
