3342 5392
685 531 900 590 ..19-

176 698 267 764 illurn
301 699 414 764 virum.
470 697 625 763 Similiter
658 697 750 781 luget
780 718 840 781 per
873 697 1105 783 apostropham
1138 703 1306 780 tamqnam
1339 701 1415 761 ante

177 802 288 867 oculos
307 804 447 867 omniurn
466 801 577 866 Ulixes
598 808 734 866 mortem
757 801 892 866 Achillis
916 803 949 866 in
968 823 1073 881 versu,
1095 801 1152 884 qui
1174 807 1225 865 est
1246 800 1323 866 Met
1337 800 1416 865 XIII

180 911 256 986 1303
280 911 378 989 61666
400 906 482 970 haec
504 927 576 969 mea
596 906 756 970 sententia
772 905 982 969 confirmatur
996 906 1118 989 optime
1140 925 1188 984 eo,
1212 903 1299 989 qnod
1317 909 1417 988 poeta

177 1011 247 1093 ipse
280 1009 407 1074 addidit
435 1031 495 1093 per
514 1009 752 1093 parenthesim:
785 1028 937 1088 manupae
970 1014 1062 1072 aimal
1096 1013 1188 1073 aetati
1220 1013 1417 1073 lacrimantia

178 1119 267 1177 terar‘t
287 1115 425 1176 Lamina.

264 1215 436 1298 Religio
459 1215 523 1280 dei
547 1215 661 1294 elucet,
685 1237 757 1279 eum
781 1216 907 1280 Aeneas
932 1214 1207 1282 666616111371
1233 1235 1414 1280 sermonem

178 1321 276 1383 vertit
307 1319 349 1382 ad
379 1319 544 1383 Phoebum
579 1326 637 1382 aut
666 1307 823 1383 Anchises
853 1322 929 1382 Aen.
954 1320 998 1383 VI
1028 1322 1091 1383 870
1120 1319 1162 1382 ad
1192 1340 1327 1402 superos
1360 1325 1417 1383 aut

179 1422 294 1487 Medea
326 1423 456 1487 Metam.
485 1422 545 1487 VII
573 1427 634 1486 207
670 1421 712 1486 ad
746 1421 886 1500 Lunam,
920 1442 1034 1485 amor
1066 1422 1310 1505 pietasque,
1343 1444 1416 1486 cum

180 1530 305 1590 Aeneas
327 1526 361 1589 in
383 1547 488 1602 66666,
509 1525 566 1607 661
588 1531 637 1588 661
659 1529 714 1589 Ae.
739 1526 769 1589 II
792 1529 864 1603 664,
886 1524 1059 1608 6616661161
1080 1537 1207 1589 matrem
1229 1531 1338 1590 almam
1360 1530 1419 1589 661

182 1629 245 1694 6116
282 1629 362 1707 1666,
397 1629 454 1712 661
487 1636 537 1692 661
565 1630 621 1693 Ae.
652 1627 699 1692 XI
728 1634 778 1705 58,
806 1628 921 1693 Iulum.
976 1627 1078 1692 Nemo
1111 1649 1210 1712 porro
1243 1627 1416 1694 contendet

182 1733 424 1818 apostropham,
445 1752 542 1814 quarn
559 1731 629 1795 Nisi
649 1730 718 1795 filia
738 1732 771 1795 in
788 1753 891 1810 versu,
921 1731 976 1813 661
997 1731 1160 1797 iuvenitur
1181 1731 1257 1797 Met
1268 1731 1344 1797 VIII
1366 1736 1417 1809 64,

181 1836 262 1901 16611
277 1837 310 1900 16
326 1837 473 1913 Minoem,
496 1834 689 1918 profluxisse
712 1857 752 1900 ex
774 1856 831 1899 arn
842 1853 911 1899 ore
926 1835 1059 1917 virginis
1074 1836 1217 1900 timentia
1232 1856 1272 1899 ac
1286 1836 1417 1912 veritae,

182 1961 221 2004 oe
242 1931 327 2022 'quis
361 1944 539 2017 Imprudens
564 1949 695 2017 pectora
726 1945 819 2002 ornati
850 1943 909 2002 riri
937 1945 1133 2003 vulneraret!
1190 1938 1294 2002 Simili
1323 1937 1418 2003 modo

182 2042 335 2106 allocutio
358 2043 468 2106 Annae
490 2041 522 2105 in
547 2062 659 2118 versu,
682 2062 777 2124 quem
799 2040 936 2124 legimus
960 2041 1090 2106 Heroid.
1113 2042 1175 2107 VII
1198 2048 1275 2119 191,
1298 2043 1418 2125 optime

182 2145 385 2228 intellegitur
416 2166 456 2209 ex
479 2165 589 2209 amore
611 2145 746 2209 Didonis
770 2146 900 2208 sororis.
945 2144 1102 2209 Memoria
1123 2146 1192 2209 6166
1214 2149 1332 2224 autem,
1364 2147 1420 2228 qui

182 2250 347 2333 cripuerat
378 2247 531 2312 Euandro
563 2249 773 2326 carissimum,
807 2248 894 2331 quod
925 2247 1078 2326 habebat,
1111 2250 1144 2313 in
1175 2250 1281 2313 animo
1314 2249 1419 2332 patris

183 2353 306 2418 scilieet
327 2352 407 2416 nihil
430 2352 519 2416 aliod
542 2351 626 2416 effici
650 2356 760 2435 potest
782 2353 844 2416 nisi
867 2352 1004 2416 odium
1032 2357 1071 2416 ct
1096 2354 1175 2434 ira,
1208 2353 1293 2416 unde
1316 2353 1420 2416 oritur

184 2460 238 2520 Ae.
260 2455 307 2519 XI
332 2460 391 2520 113
415 2456 497 2520 haee
520 2456 662 2520 aversio:
699 2460 743 2519 Tu
766 2476 885 2534 666666
906 2476 989 2519 nanc
1010 2467 1111 2520 stares
1132 2461 1271 2520 immania
1293 2468 1421 2520 trancas

183 2565 214 2622 16
237 2565 341 2636 armis,
364 2564 453 2623 Erret
470 2580 533 2638 par
554 2569 641 2623 aetna
664 2568 694 2621 et
718 2564 846 2623 identat
869 2563 1025 2623 robarati
1049 2564 1148 2635 annia,
1175 2564 1286 2624 Tarne.

268 2682 285 2765 §
302 2685 331 2744 6.
368 2681 405 2744 16
425 2678 589 2763 exemplis,
612 2700 695 2761 quae
712 2679 819 2743 adhue
834 2680 982 2759 tractavi,
998 2678 1278 2763 compellebantur
1293 2700 1420 2763 semper

183 2804 393 2867 personne
426 2783 601 2866 quaedam,
635 2783 686 2847 vel
721 2784 830 2866 superi
861 2783 912 2847 661
946 2782 1117 2861 mortales,
1153 2783 1271 2866 quibua
1309 2785 1419 2846 statim

185 2908 328 2951 asseram
345 2886 499 2951 nonnulla
521 2888 590 2952 6166
605 2886 701 2963 modi,
724 2886 782 2951 ubi
797 2905 904 2951 sermo
919 2887 1056 2950 vertitur
1070 2886 1113 2951 ad
1127 2887 1289 2951 nomina
1305 2907 1421 2969 quae-

185 2991 272 3055 dam
301 2989 541 3067 abstracta,
571 3011 654 3072 6666
685 2994 794 3053 tamen
824 3009 844 3052 6
872 2995 971 3073 66616
1002 2989 1095 3072 66661
1125 3009 1280 3073 personas
1308 2989 1422 3053 habita

185 3115 255 3160 esse
277 3098 422 3177 6666661.
467 3093 520 3157 Sic
543 3094 625 3157 enim
650 3093 786 3174 legimus
811 3095 865 3156 Ae.
882 3093 928 3156 III
952 3099 992 3158 56
1008 3114 1071 3174 sq.:
1099 3098 1259 3169 0616666
1281 3097 1423 3156 mortalia

180 3207 312 3276 pectora
344 3202 445 3275 copis,
479 3201 560 3260 Auri·
574 3217 669 3261 sacra
697 3197 817 3270 sanies?
862 3195 932 3260 Hac
964 3196 997 3259 16
1024 3196 1223 3279 6666166666
1250 3194 1424 3259 iudicanda

186 3299 517 3380 Quintilianum,
552 3301 607 3382 qui
638 3299 709 3364 loco
743 3319 842 3382 66666
878 3298 964 3363 dicto
996 3299 1050 3381 (61.
1075 3321 1104 3382 p.
1137 3301 1191 3382 11)
1224 3298 1286 3362 hoe
1318 3300 1424 3382 ipsum

187 3403 368 3488 exemplam
392 3403 531 3468 afferens
553 3405 585 3466 16
609 3403 755 3485 enallage
777 3423 935 3486 personae
959 3403 1124 3485 cognoscit
1139 3401 1219 3465 nihil
1234 3402 1296 3466 6161
1318 3423 1423 3484 gram-

186 3509 340 3572 maticam
364 3506 511 3590 liguram,
542 3527 607 3589 666
632 3528 741 3569 sensns
768 3516 995 3582 reanimatur,
1025 3511 1083 3570 aed
1103 3515 1217 3570 tantam
1240 3507 1342 3580 forma
1364 3511 1423 3568 ela-

190 3617 313 3690 qnendr',
336 3611 495 3675 erravisse
518 3610 596 3673 mihi
620 3610 748 3692 quidem
773 3614 909 3673 6666161.
954 3609 1025 3673 Η66
1047 3610 1131 3674 enirn
1147 3629 1242 3672 versu
1265 3607 1423 3691 redigitur

187 3715 221 3778 16
252 3714 440 3779 memoriam
474 3720 617 3778 nostram
647 3712 718 3790 ille,
759 3713 814 3795 qui
844 3717 1004 3776 tractatos
1033 3718 1083 3778 661
1116 3735 1147 3796 p.
1173 3717 1222 3789 16,
1257 3711 1287 3775 h.
1310 3732 1338 3776 e.
1368 3713 1423 3775 Ae.

188 3817 231 3882 IV
260 3821 340 3881 412:
376 3820 517 3895 Improbe
547 3822 647 3890 Amor,
678 3820 754 3893 qaid
792 3836 852 3879 non
883 3821 1025 3880 mortalia
1055 3825 1186 3894 pectora
1225 3819 1331 3894 copia?
1383 3813 1425 3877 Ut

188 3940 263 3983 vero
287 3940 386 4002 66666
408 3919 486 3999 1661,
514 3919 599 3983 hanc
630 3938 758 4001 quoque
781 3918 1011 4002 apostropham
1042 3919 1110 3982 sine
1132 3916 1199 3982 ulla
1222 3917 1424 3981 dubitatione

188 4023 313 4106 explico
337 4044 376 4087 ex
399 4023 695 4104 indignatione.
732 4023 840 4104 Atque
862 4042 956 4086 nemo
981 4021 1153 4086 contendet
1173 4021 1317 4084 16616666
1333 4018 1424 4101 Poly·

189 4127 347 4205 mestoris,
371 4127 426 4209 qui
442 4125 635 4210 Polydorum
659 4146 739 4189 euro
762 4125 907 4208 potiendi
930 4145 1028 4188 causa
1044 4123 1260 4196 obtruncavit,
1283 4123 1423 4187 animum

189 4234 317 4294 Aeneae
338 4231 424 4294 insto
440 4231 509 4293 iure
525 4229 612 4293 611161
627 4249 722 4312 66666
739 4228 821 4307 odio,
844 4226 1075 4310 indignatione,
1097 4228 1147 4290 ira
1161 4228 1194 4290 16
1211 4227 1424 4290 6661666666

189 4332 322 4413 famem3
346 4333 396 4397 vel
419 4353 458 4396 ex
480 4332 542 4396 hoc
564 4332 722 4396 adiectivo
745 4337 877 4409 „sacer“
900 4330 1114 4412 cognoscitur,
1138 4328 1226 4410 quali
1249 4331 1280 4392 in
1305 4327 1424 4392 affectu

190 4439 315 4500 Aeneas
338 4441 484 4500 66666166
508 4435 558 4498 611.
601 4434 703 4498 Simili
727 4434 821 4498 modo
845 4440 917 4497 orta
942 4439 992 4496 661
1014 4432 1213 4515 apostropha
1230 4429 1424 4514 Vergiliana,

193 4559 276 4622 quae
303 4539 422 4620 legitur
441 4538 507 4602 Ecl.
531 4537 576 4601 IX
601 4545 656 4601 51:
690 4541 797 4601 Omnia
819 4539 898 4612 sera
921 4546 1018 4611 66166,
1048 4541 1179 4599 animam
1203 4556 1320 4614 666666
1342 4583 1424 4598 ....

197 4648 229 4706 61
253 4642 419 4719 ovidiana,
442 4662 538 4724 quam
560 4641 682 4704 invenis
706 4641 780 4703 Met.
803 4640 981 4726 xlm-ora:
1017 4647 1286 4715 (muraenarum,
1310 4657 1427 4701 annosa

1185 4741 1217 4794 2*
