3342 5392
799 527 994 589 ..ς-

270 691 406 761 Tiber.
431 694 485 781 (cf.
508 695 699 780 Spengel.
722 695 805 761 rhet.
821 696 938 762 Graec.
959 695 1020 760 vol.
1038 696 1085 761 111
1107 718 1139 779 p.
1155 701 1192 762 61
1207 698 1285 782 sq.):
1301 694 1510 786 Άποστροφὴ

270 800 306 868 δέ
329 800 429 879 ἐστιν,
451 795 534 867 ὅταν
555 795 620 866 ἀπὸ
641 805 709 867 τῶν
730 802 896 867 δικαστῶν
919 798 1003 884 πρὸς
1029 799 1090 868 τόν
1119 796 1293 868 ἀντίδικον
1312 798 1511 889 ἀποστρέφῃ

270 901 331 970 τὸν
352 901 465 988 λόγον,
484 899 559 971 οίον
580 903 705 989 ,μηδέν
727 893 790 970 οὖν
805 907 998 988 φιλονείκει,
1021 907 1200 990 Λεπτίνη“,
1219 905 1276 973 καί
1297 902 1409 983 πόλιν,
1430 903 1511 986 ,οὓς

269 1004 417 1086 ἅπαντας
431 1003 452 1092 ἡ
466 1004 560 1085 πόλις
575 1003 696 1093 ὁμοίως
710 1015 769 1092 τῆς
784 1002 888 1091 αὐτῆς
902 1002 1069 1087 ἀξιώσασα
1084 1015 1180 1093 τιμης
1194 1005 1324 1087 ἔθαψεν
1334 1011 1508 1096 Λίσχίνηί.

270 1109 407 1196 κινήσας
435 1108 498 1195 γὰρ
527 1119 568 1199 τῇ
591 1109 671 1198 δόξγ
696 1109 767 1178 Ιτῶν
792 1109 1072 1197 παραδειγμάτων
1101 1108 1180 1189 τοὺς
1207 1107 1403 1192 ἀκούοντας,
1433 1110 1509 1179 τότε
1544 1164 1549 1172 .

272 1213 328 1280 καί
342 1210 404 1280 τὸν
417 1211 591 1282 ἀντίδικον
604 1213 750 1300 κέκληκε.
786 1212 912 1278 Similia
927 1212 1085 1278 habemus
1100 1213 1188 1297 epud
1204 1213 1340 1297 Aquil.
1355 1215 1511 1284 Romen.

270 1316 420 1400 (Helm,
441 1315 599 1381 Rhetores
621 1316 677 1382 lat.
701 1317 774 1381 min.
797 1339 828 1400 p.
852 1319 926 1401 25):
941 1313 1156 1402 Άποστροφη,
1176 1322 1308 1394 aversio,
1330 1324 1511 1384 necessaria

268 1426 448 1499 plerumque
467 1427 583 1501 fipuru,
612 1423 664 1485 ubi
688 1441 766 1500 quae
788 1426 832 1485 aa
850 1424 928 1484 alios
951 1424 1035 1487 elicta
1060 1428 1204 1498 volumus,
1234 1428 1278 1486 aa
1298 1426 1376 1486 alios
1406 1427 1512 1488 dicere

270 1528 414 1590 videmur.
459 1527 511 1588 Sic
535 1530 719 1603 plerumque
746 1529 950 1589 convertimus
977 1528 1146 1590 crotonem
1167 1529 1200 1588 in
1221 1546 1308 1590 reum
1330 1529 1368 1589 ab
1398 1530 1511 1602 iudice,

272 1647 340 1692 cum
368 1631 422 1692 illo
449 1636 560 1703 tamen,
594 1630 702 1706 quibus
729 1632 943 1692 adversarium
977 1633 1170 1707 alloquimur,
1203 1633 1300 1694 indici
1328 1633 1510 1707 alleventur.

271 1735 484 1795 acutissimum
506 1737 675 1810 exemplum
697 1735 729 1794 iu
751 1717 933 1810 Plilmpicis
954 1734 1174 1808 Demosthenis,
1203 1735 1256 1797 uti
1279 1736 1388 1812 ηνλθαι
1410 1737 1511 1798 vertis

268 1839 415 1914 populum
435 1838 662 1898 Atheniensium
696 1839 840 1898 monitum
870 1841 942 1912 vult,
975 1857 1014 1900 ea
1043 1856 1077 1899 se
1107 1839 1182 1899 dicit
1210 1841 1298 1915 apud
1326 1841 1456 1914 Arpivos
1482 1847 1512 1900 et

272 1942 413 2002 Arcadas
442 1946 472 2002 et
501 1941 669 2002 Messenios
700 1942 905 2003 contionatum
916 1939 951 2020 ¹).
995 1943 1150 2003 Invidiose
1179 1949 1208 2003 et
1230 1943 1272 2003 M.
1298 1943 1414 2003 Tullius
1443 1959 1511 2004 cum

271 2060 366 2119 saepe
388 2044 475 2118 alios,
505 2049 566 2106 tum
582 2061 645 2119 pro
662 2044 773 2106 Roscio
796 2045 945 2106 convertit
964 2046 1132 2106 orationem
1154 2048 1198 2106 aa
1222 2045 1450 2122 Chrysoponvm
1472 2047 1510 2108 ab

273 2150 325 2208 illo
348 2150 430 2209 loco:
452 2154 543 2223 rapot
564 2154 693 2223 oratque
715 2154 754 2221 te,
782 2148 987 2225 t'lvrysopone,
1010 2155 1041 2210 et
1062 2156 1179 2211 cetera.-

361 2245 410 2312 Ex
425 2246 477 2312 his
492 2246 599 2314 verbis
614 2247 766 2312 discimus
781 2247 944 2312 fictionem
956 2247 1005 2312 vel
1020 2247 1182 2332 figurandi
1194 2248 1267 2325 vim,
1282 2254 1320 2314 ut
1334 2248 1511 2316 Streubii

274 2349 383 2415 verbis
405 2354 489 2430 uter,
511 2350 545 2415 in
568 2372 606 2415 eo
628 2350 814 2428 consistere,
839 2350 924 2434 quod
948 2352 1062 2429 cretio,
1085 2372 1282 2435 quamquem
1305 2353 1408 2416 everti
1423 2352 1511 2418 vide·

274 2458 338 2532 tur,
370 2457 478 2518 temen
507 2454 541 2518 iu
571 2475 625 2519 ecs
656 2453 846 2531 intenditur,
879 2475 1016 2537 quorum
1043 2452 1261 2520 docendorum
1290 2454 1341 2520 vel
1372 2475 1511 2520 commo-

274 2556 451 2622 vendorum
474 2577 573 2622 ceusu
593 2557 742 2623 hebetur.
787 2557 943 2622 Similiter
965 2557 1146 2623 Martianus
1167 2557 1343 2642 Capella
1363 2560 1512 2643 exempla

273 2681 339 2726 nou
361 2659 502 2726 eddens:
531 2657 741 2748 incorrrupti,
763 2661 878 2745 inquit,
901 2672 947 2727 est
968 2666 1000 2726 in
1022 2667 1154 2741 alicuem
1177 2667 1319 2727 districta
1337 2668 1509 2747 conversio,

269 2771 422 2846 frequens
445 2772 532 2844 opud
550 2768 725 2830 Ciceronem
747 2781 786 2830 ac
807 2769 917 2830 nobilis
934 2773 1049 2844 flaura.
1086 2769 1151 2830 Hoc
1168 2775 1223 2842 est,
1247 2787 1313 2830 cum
1332 2771 1365 2830 in
1380 2771 1511 2845 aliquem

274 2873 320 2932 sic
351 2872 553 2932 convertimus
581 2858 740 2945 actionem,
775 2878 810 2932 ut
844 2878 885 2932 en
921 2889 958 2933 ea
987 2873 1105 2933 iudices
1139 2875 1298 2934 doceamus
1337 2869 1391 2954 (cf.
1424 2869 1512 2952 apud

275 2969 483 3036 Halmium
505 2993 535 3055 p.
552 2973 638 3055 478).
683 2971 759 3037 Sine
779 2970 878 3038 dubio
901 2971 955 3037 hic
969 2970 1163 3037 asserendus
1179 2978 1230 3038 est
1242 2971 1512 3038 Phoebemmo-

280 3074 345 3138 nis
365 3073 466 3155 locus,
490 3074 547 3157 qui
567 3074 730 3139 iuvenitur
744 3075 832 3158 apud
856 3074 1035 3158 Spengel.
1058 3075 1105 3140 111
1127 3097 1158 3159 p.
1174 3081 1215 3142 49
1227 3097 1292 3159 sq.:
1313 3072 1512 3162 ἀποστροφὴ

276 3178 313 3247 δέ
336 3176 519 3262 προσιόπου
548 3175 617 3245 ἐστὶ
645 3175 822 3265 μετάβασις
843 3177 948 3265 λόγου
971 3179 1055 3263 πρὸς
1076 3177 1268 3263 πρόσωπον,
1300 3170 1326 3268 ᾧ
1348 3177 1513 3263 πρότερον

276 3277 319 3348 οὐ
337 3281 566 3368 διαλεγόμεθα,
596 3279 639 3362 ὦς
661 3285 716 3349 ἵνα
739 3279 954 3367 δικαζόμενος
975 3279 1134 3365 καὶπρὸς
1155 3279 1216 3350 τὸν
1236 3280 1382 3368 ἄρχοντα
1404 3283 1511 3367 λέγων

276 3381 316 3452 τὸ
338 3393 472 3472 πρᾶγμα
496 3392 636 3471 στραφῶ
657 3382 741 3470 πρὸς
763 3383 823 3454 τὸν
844 3382 1017 3453 ἀντίδικον
1039 3387 1094 3453 καὶ
1122 3385 1287 3470 ἐρωτήσω,
1313 3381 1379 3453 οὐκ
1401 3381 1514 3471 ἀληθῆ

277 3497 381 3556 ταῦτα
404 3485 426 3556 δέ
447 3489 549 3574 λέγω;
578 3488 749 3554 Dzinlee
779 3487 981 3566 sententium,
1005 3487 1512 3572 quiputat2)1³hoebamm0-

277 3611 360 3655 nem
394 3590 448 3656 hic
482 3591 773 3675 circumscripsisse
803 3591 1022 3675 apostrophus
1054 3592 1204 3676 speciem,
1237 3590 1277 3656 de
1309 3612 1375 3675 que
1398 3597 1513 3684 postea

278 3693 493 3759 tractabimus
503 3693 539 3778 3),
569 3694 698 3760 minime
724 3694 866 3778 probare
887 3716 1028 3779 possum.
1072 3694 1184 3762 Altero
1206 3694 1287 3775 loce,
1315 3694 1372 3776 qui
1393 3694 1513 3776 legitur

279 3796 367 3880 epud
389 3796 579 3880 Spengel.
601 3797 647 3862 111
669 3820 700 3881 p.
717 3803 767 3876 54,
796 3797 1269 3880 Phoebemmoutfigurem
1300 3796 1419 3862 eisdem
1442 3795 1513 3862 fere

278 3899 386 3966 verbis
407 3900 519 3965 definit
541 3899 664 3966 addens
692 3906 801 3966 sutem
831 3901 1022 3986 exemplum,
1052 3901 1110 3966 ubi
1137 3902 1184 3966 eis
1208 3900 1324 3979 verbis,
1354 3921 1439 3984 quse
1470 3899 1513 3965 sd

279 4003 469 4086 magistrum
484 4003 678 4086 diriguntur,
703 4004 832 4088 oblique
856 4005 925 4071 eius
947 4003 1097 4088 discipuli
1113 4005 1322 4088 castigentur.
1361 4003 1412 4068 Ad
1427 4004 1522 4068 idem

192 4156 195 4162 -
281 4111 409 4190 spectet
430 4106 540 4172 Alex.
564 4128 703 4190 quoque,
726 4109 782 4191 qui
804 4107 907 4193 (apud
927 4106 1117 4191 Spengel.
1137 4108 1186 4172 111
1207 4130 1238 4190 p.
1255 4109 1404 4190 23sqq.):
1433 4104 1513 4174 ἀπο-

365 4297 393 4365 1)
409 4295 492 4351 Dem.
511 4295 556 4352 VI
573 4299 624 4351 20:
645 4298 711 4358 Huic
728 4292 780 4364 γὰρ
799 4290 897 4358 οἴεσθ’,
916 4293 998 4363 ἔφην,
1023 4285 1164 4363 ιάἀνδρες
1182 4293 1346 4365 Μεσσήνιοι,
1376 4297 1514 4364 δυσχερῶς

280 4377 394 4436 ἀκοόιιν
409 4377 586 4449 Ὀλννθίονς,
605 4383 634 4437 εί
648 4385 691 4445 τίς
708 4403 735 4436 τι
752 4380 826 4451 λέγοι
843 4378 914 4436 κατὰ
928 4382 1067 4435 Φιλίππου
1084 4378 1144 4436 κατ’
1162 4379 1285 4444 ἐκείνους
1302 4379 1370 4444 rode
1386 4380 1513 4450 χρόνους,

280 4462 320 4522 στ’
337 4463 521 4536 Ἀνθεμοῦντα
537 4465 587 4536 μέν
606 4464 703 4530 adroic
721 4464 798 4538 ἠφίει

367 4557 393 4622 2)
413 4555 454 4609 of.
472 4556 489 4609 l.
509 4574 529 4609 s.
549 4574 570 4610 s.
588 4574 615 4624 p.
627 4557 669 4608 ‘ida

367 4645 394 4711 3)
413 4641 454 4697 uf.
472 4660 499 4713 p.
520 4645 618 4710 lOsqq.
636 4640 718 4695 huius
736 4640 944 4696 dissertationis.
