3342 5392
637 535 853 598 ...37-

124 697 219 765 Pout.
243 700 288 766 IV
314 706 362 774 10,
383 707 441 783 513
463 701 559 770 Trist.
581 702 613 770 11
636 709 706 772 399.
762 705 830 770 Art.
855 710 952 772 amat.
974 704 1005 771 11
1028 709 1090 772 356
1121 705 1261 773 evitatur
1281 705 1364 772 dati-

124 825 184 869 vus
208 808 407 884 Laadamiae,
431 808 486 891 qui
509 829 549 874 ex
571 808 697 874 duobus
718 809 870 893 spondeis
892 815 1044 876 constans
1066 810 1100 874 in
1125 816 1362 894 pentametrum

123 929 190 972 nau
221 909 370 991 quadrat.
423 909 564 990 Accedit,
594 912 681 995 quod
704 912 754 977 his
778 913 927 978 omnibus
949 913 1028 978 loeis
1049 934 1109 998 per
1131 913 1363 999 apostropham

125 1011 263 1077 effectus
285 1019 334 1077 est
357 1013 504 1100 dactylus
528 1020 585 1080 aut
606 1017 639 1080 iu
662 1016 774 1100 quinto
801 1017 982 1082 hexametri
1010 1017 1093 1101 pede
1115 1023 1174 1082 aut
1193 1018 1226 1082 in
1250 1018 1364 1101 quintu

124 1115 176 1180 vel
200 1121 318 1200 quarto
340 1119 544 1200 pentametri.
597 1119 752 1185 Similiter
774 1119 982 1185 iudicandum
1014 1125 1065 1186 est
1086 1119 1126 1185 do
1148 1121 1363 1205 apostrophis,

124 1213 218 1300 quas
233 1219 369 1303 legimus
391 1220 478 1286 Fast.
496 1223 542 1286 III
565 1225 642 1302 7203
665 1224 708 1290 IV
736 1228 810 1302 1733
833 1229 911 1304 4683
935 1223 961 1287 V
986 1228 1041 1304 16;
1065 1225 1171 1288 Amor.
1187 1223 1235 1288 Ill
1256 1228 1284 1302 6,
1306 1228 1362 1304 28;

125 1328 154 1401 6,
182 1328 262 1404 104;
304 1324 647 1406 nrt.amst.11472;
678 1326 825 1406 1111913
858 1325 938 1391 lbid.
961 1331 1043 1408 362;
1081 1325 1212 1391 Heroid·
1234 1326 1281 1391 lx
1304 1332 1362 1407 503

103 1425 168 1502 ‘ad
192 1426 273 1492 talia
293 1427 441 1512 exempla
464 1434 647 1512 spectantes
669 1429 906 1496 consentiemus
929 1429 1029 1512 igitur
1051 1429 1219 1496 Kellero
1242 1427 1363 1494 dicenti

25 1537 26 1542 ’
124 1529 144 1592 l.
177 1551 204 1596 c.
240 1553 271 1615 p.
301 1535 378 1596 187:
416 1530 555 1608 „Fumer
592 1531 701 1596 wurde
743 1554 799 1597 zur
833 1530 1033 1616 Gewiunuug
1068 1532 1156 1596 eines
1195 1530 1363 1617 Dalrtylus‚

126 1633 325 1700 namentlich
346 1634 389 1696 irn
414 1641 442 1697 l».
456 1633 537 1699 Fuss
559 1634 615 1700 des
640 1634 861 1714 Hexametors,
891 1633 943 1700 die
963 1634 1163 1700 rhetorisohe
1184 1633 1284 1719 Figur
1305 1634 1363 1700 der

55 1743 57 1746 ’
129 1736 334 1820 Apostrophe
364 1736 549 1820 (pliitzliche
576 1738 704 1803 Anredo
736 1739 824 1804 sinor
854 1744 945 1803 sonat
973 1738 1021 1803 als
1051 1737 1365 1822 Eruiihlungsohjelrt

125 1840 158 1902 in
192 1840 251 1905 der
283 1846 310 1904 3.
342 1839 461 1906 Person
492 1840 718 1906 austrateuden
748 1842 884 1925 Person)
920 1840 1060 1906 nielfach
1087 1841 1298 1920 verwendet“‚
1331 1849 1365 1906 et

126 1949 258 2026 postea:
288 1943 367 2022 „Die
399 1943 533 2008 Dichter
563 1944 670 2009 haben
701 1944 769 2009 sich
800 1946 879 2009 aber
909 1944 960 2009 die
991 1943 1135 2009 Freiheit
1166 1964 1364 2028 genommen,

127 2046 212 2112 auch
245 2047 328 2110 ohne
361 2047 471 2112 iuuere
505 2047 720 2131 Motivieruug
754 2048 833 2113 oder
866 2048 949 2116 doch
983 2047 1038 2112 bei
1071 2047 1146 2112 sehr
1179 2047 1365 2113 schuaoher

127 2148 257 2214 inuerer
281 2149 493 2234 Motivicrung
523 2150 574 2215 dio
601 2151 803 2235 Apostrophe
834 2173 873 2215 zu
907 2150 1112 2228 carneaden,
1144 2173 1197 2216 um
1228 2150 1280 2216 fiir
1302 2150 1364 2215 den

128 2259 156 2316 5.
181 2253 264 2320 Fuss
285 2252 342 2318 des
366 2252 577 2319 llexameters
607 2255 698 2319 einen
722 2254 881 2338 Daktylus
904 2277 943 2319 zu
966 2254 1141 2319 erhalten“.
1195 2254 1365 2338 Dactylum

127 2356 160 2420 iu
184 2355 373 2420 hexametro
396 2376 459 2421 nou
476 2357 578 2422 solum
600 2358 633 2422 in
656 2348 768 2441 quinto
790 2357 873 2441 pede
890 2357 1089 2441 postulatum
1105 2378 1184 2435 esse,
1208 2357 1265 2421 sed
1285 2356 1365 2422 illud

127 2458 229 2524 fuisso
258 2458 423 2543 proprium
455 2460 550 2525 huius
582 2462 677 2525 metri
701 2461 829 2525 omuino
859 2482 918 2544 per
948 2480 1054 2525 meros
1077 2459 1223 2546 dactylos
1245 2460 1367 2544 liquide
1442 2490 1446 2498 ·

128 2563 290 2646 profluere
320 2584 413 2628 nemo
443 2565 554 2629 nescit.
607 2564 722 2648 ltaque
746 2570 884 2648 apparet
906 2564 1055 2630 Ovidium
1086 2562 1261 2629 adscivisse
1289 2556 1366 2647 apo-

129 2666 307 2751 stropham,
331 2672 367 2732 ut
389 2667 552 2753 dactylum
575 2667 608 2732 in
630 2667 730 2733 tertio
744 2668 827 2753 pede
850 2672 977 2733 crearet
998 2667 1032 2731 iu
1053 2688 1148 2732 versu
1170 2668 1224 2751 qui
1248 2667 1367 2751 legitur

130 2769 206 2834 Met
229 2770 306 2834 XIII
330 2775 406 2836 927:
438 2777 638 2850 (laesaeque
661 2776 846 2851 ecraiperae
869 2793 971 2836 marsa
993 2777 1113 2836 laesere
1134 2776 1281 2835 iuuencae
1303 2775 1367 2835 Nee

123 2878 273 2951 placidae
295 2880 522 2953 carpsistis
542 2897 633 2939 oves
655 2879 793 2938 hirtaeve
815 2880 962 2954 capellae.

217 2976 338 3056 Quodsi
350 2977 490 3042 omnium
506 2977 570 3042 hac
580 2975 788 3061 paragrapho
804 2977 976 3043 allatorum
991 2977 1136 3043 locorum
1148 2977 1368 3061 apostrophas

130 3101 170 3144 ex
196 3100 283 3144 mere
314 3080 449 3145 metrica
479 3081 604 3145 ratione
636 3081 883 3165 explicavimus,
912 3081 975 3146 hoc
1003 3086 1053 3146 est
1081 3080 1269 3145 dicendum:
1299 3081 1368 3144 hic

129 3184 323 3267 ponenda
347 3182 1369 3278 estenallagecasusvelpersouaeinterfiguras

130 3288 448 3370 grammaticas,
478 3287 630 3370 quibus
656 3309 765 3352 sensas
794 3309 855 3352 aaa
885 3298 1029 3365 mutatur,
1051 3307 1154 3352 aeram
1184 3288 1285 3362 frirma
1307 3292 1368 3351 elo-

130 3397 252 3470 quendi.
308 3391 392 3470 Quid
425 3411 500 3456 vero
535 3391 575 3456 de
608 3390 669 3456 hoc
704 3390 924 3475 apostrophae
957 3412 1019 3456 usu
1051 3389 1259 3456 iudicandum
1294 3392 1366 3454 est?

130 3495 231 3560 Estne
252 3494 338 3560 idem
359 3500 511 3560 iucundus
532 3515 607 3560 acar
629 3499 728 3577 atquo
750 3495 784 3559 in
804 3493 968 3578 prioribus
992 3492 1155 3576 exemplis,
1183 3492 1239 3557 ubi
1261 3491 1367 3576 ligura

130 3618 172 3664 ox
188 3597 308 3664 affectu
324 3605 399 3662 orta
412 3596 605 3662 videbatur?
656 3597 788 3662 Minime
803 3618 889 3662 vero.
934 3596 968 3663 Si
983 3596 1109 3662 aversio
1123 3594 1161 3659 fit
1175 3595 1209 3659 in
1223 3594 1366 3678 aliquam

131 3721 315 3785 personam,
338 3722 418 3783 opus
442 3698 594 3766 osthane
616 3721 787 3784 personam
811 3700 935 3783 aliquid
956 3699 989 3764 iu
1012 3721 1046 3764 so
1069 3698 1164 3778 ferre,
1188 3720 1252 3782 quo
1267 3699 1370 3763 animi-

131 3806 242 3888 aliquo
263 3805 357 3870 modo
375 3808 571 3894 moveantur.
616 3803 680 3869 Ubi
696 3825 749 3870 res
764 3805 811 3868 ita
834 3825 868 3870 se
883 3824 947 3868 non
963 3802 1072 3883 hahet,
1087 3823 1151 3868 non
1167 3801 1367 3868 delectamur

130 3929 191 3991 per
213 3908 454 3993 apostropham,
473 3907 527 3974 sed
553 3907 760 3988 offendimur;
787 3908 892 3972 talis
915 3905 1181 3990 apostropha
1202 3926 1281 3970 nou
1305 3911 1367 3970 est

132 4033 204 4078 ouo
219 4011 320 4090 loeo,
336 4012 511 4096 delapsa
530 4033 549 4076 a
569 4031 664 4080 vera
684 4011 929 4078 condicione
944 4009 1049 4075 nihil
1069 4015 1132 4074 est
1147 4009 1227 4073 nisi
1244 4008 1366 4074 fusus

132 4119 205 4194 aut,
234 4122 271 4179 ut
294 4114 372 4180 dicit
395 4114 535 4181 Koene
556 4115 576 4180 l.
594 4137 619 4180 c.
635 4119 665 4200 p.
682 4119 740 4180 31:
774 4113 996 4192 Flitterstaat,
1026 4113 1084 4178 der
1109 4112 1228 4177 hittone
1252 4115 1367 4176 Armut

132 4218 284 4301 vorbirgt.

219 4322 252 4386 Si
282 4321 339 4386 illa
369 4322 531 4405 oxerupla‚
562 4343 645 4405 quae
678 4320 785 4386 adhuc
815 4320 879 4384 hao
904 4318 1111 4405 paragrapho
1138 4317 1251 4398 attuli,
1283 4317 1365 4383 ritu·

132 4425 299 4508 paratione
315 4425 412 4508 digno
435 4432 468 4489 et
487 4425 701 4508 improbanda
723 4429 806 4503 suut,
827 4444 931 4507 paene
951 4422 1122 4490 ridiculum
1137 4420 1273 4501 videtur,
1293 4441 1365 4485 cum

134 4549 238 4592 sermo
259 4529 396 4593 vertitur
419 4526 461 4591 ad
490 4549 557 4592 res
587 4526 786 4610 quasdam
816 4526 1027 4591 inanimae
1048 4525 1115 4588 rel
1143 4524 1366 4590 abstracta

134 4630 191 4696 tali
221 4630 309 4711 loco,
338 4630 395 4713 qui
427 4630 513 4694 omni
541 4629 695 4694 interiore
724 4631 756 4694 ri
788 4635 887 4695 caret.
936 4631 986 4695 An
1014 4627 1173 4694 iudicabis
1202 4626 1297 4694 aliter
1325 4626 1368 4693 de‘
