3342 5392
757 525 973 586 -20..

244 701 406 761 senectae?
464 693 586 759 Partim
616 693 840 758 admiratio
869 698 1003 778 poetae,
1031 692 1151 776 partim
1188 691 1482 757 misericordia

244 797 393 863 ridentur
414 797 495 860 mihi
514 797 614 861 insita
635 797 706 861 loco
730 798 785 880 qui
806 802 857 861 est
879 799 985 861 Amor.
1008 796 1054 860 lll
1076 801 1105 876 8,
1129 800 1169 860 45
1184 817 1248 879 sq.:

455 920 567 981 Contra
590 926 619 981 te
641 923 759 990 saltere,
782 923 933 982 hominum
954 927 1078 992 natura,
1098 917 1187 991 suisti

450 1025 490 1083 Et
511 1025 634 1084 nimiam
657 1025 775 1084 damnis
798 1025 1060 1100 impectoratum!

319 1161 346 1244 ’ξ
363 1164 392 1222 7.
426 1157 527 1248 Porro
547 1157 871 1224 inveniunturhuius
894 1156 981 1223 modi
1004 1158 1160 1242 exempla,
1183 1158 1238 1222 ubi
1262 1180 1301 1222 ex
1324 1156 1480 1223 affectu

243 1261 352 1346 aliquo
395 1261 595 1346 apostropha
635 1261 673 1324 fit
715 1262 748 1324 in
790 1261 950 1339 bestias
994 1261 1160 1346 quasdam.
1229 1260 1340 1340 Quid?
1376 1282 1481 1326 nonne

243 1363 481 1430 concedendum
514 1371 564 1429 est
605 1385 734 1428 corvum
773 1364 956 1448 loquacem,
993 1370 1125 1430 iadicem
1156 1369 1387 1442 inexorabilem,
1426 1365 1482 1448 qui

241 1467 410 1552 pulchram
437 1468 640 1533 Larissaeam
664 1467 825 1533 Coronida
849 1467 1002 1552 prodidit,
1032 1470 1233 1553 aptissimum
1264 1489 1334 1532 esse
1361 1468 1403 1533 ad
1433 1469 1481 1531 in-

242 1571 460 1654 dignationem
482 1570 711 1644 excitandam?
749 1571 871 1650 Quodsi
894 1572 1027 1637 Ovidius
1058 1573 1091 1636 in
1115 1571 1262 1637 versibus
1290 1593 1371 1654 quos
1400 1572 1481 1654 legis

243 1675 317 1739 Met.
334 1675 364 1739 II
381 1681 442 1740 534
455 1697 502 1759 sq.
526 1675 757 1760 apostropham
779 1674 938 1755 adhibuit,
963 1675 1048 1740 hano
1073 1676 1194 1760 optime
1210 1674 1426 1758 intellegimus
1442 1696 1481 1739 ex

241 1779 297 1843 illo
310 1777 444 1859 affectu3
463 1779 546 1844 idem
564 1780 670 1844 elucet
681 1801 720 1843 ex
737 1779 937 1863 apostropha
950 1779 992 1842 ad
1009 1785 1197 1858 accipitrem,
1214 1800 1311 1861 quam
1323 1777 1480 1843 habemus

242 1882 336 1947 Trist.
355 1882 370 1945 Ι
388 1889 414 1961 l,
428 1888 477 1962 76,
501 1883 556 1965 qui
572 1884 640 1948 avis
661 1903 765 1966 rapax
787 1888 942 1961 arquitur
958 1888 1023 1947 sicia
1039 1887 1204 1947 columbam
1230 1887 1376 1946 sauciare
1396 1888 1480 1948 solet.

243 1989 270 2050 A
294 1984 584 2050 misericordia
606 1990 713 2050 autem
739 1985 967 2069 proficiscitur,
995 1984 1082 2069 quod
1105 1984 1242 2068 legimus
1265 1983 1352 2049 Fast.
1376 1983 1480 2061 1441,

242 2089 298 2154 uhi
321 2090 429 2172 agitur
452 2087 491 2152 de
514 2089 642 2168 avibus,
671 2094 795 2154 solaciis
818 2094 912 2161 raris,
943 2087 982 2152 do
1006 2088 1068 2153 hoc
1090 2094 1220 2153 innocuo
1240 2109 1366 2169 genere,
1395 2087 1481 2171 quod

241 2197 308 2256 tam
335 2213 431 2276 saepe
455 2191 618 2258 caedatur.
664 2191 759 2258 Tales
781 2192 1011 2258 bestiarum
1033 2192 1252 2258 invocationes
1279 2192 1366 2275 apud
1389 2192 1481 2257 Ver-

242 2295 388 2378 gilium
410 2316 474 2360 non
497 2296 613 2361 inveni.

326 2435 343 2516 ᾗ
368 2439 396 2498 8.
449 2433 595 2517 Denique
611 2438 738 2498 -axtant
775 2433 936 2499 eiusmodi
961 2433 1040 2512 loci,
1070 2434 1188 2516 quibus
1216 2453 1321 2498 sermo
1344 2435 1482 2498 vertitur

242 2536 369 2600 adres
392 2536 588 2620 quasdam
612 2538 830 2616 inanimae,
856 2543 892 2602 ut
915 2558 1013 2602 versu
1035 2538 1091 2620 qui
1111 2539 1231 2601 estAe.
1248 2537 1277 2600 ll
1293 2543 1349 2601 56:
1376 2541 1481 2602 Troia-

242 2660 300 2718 que
323 2661 405 2704 nanc
429 2651 543 2717 staret,
574 2645 751 2720 Priamique
779 2663 842 2706 ara
871 2648 936 2706 alta
964 2661 1114 2705 maneres.
1160 2639 1294 2705 Servii
1322 2640 1481 2704 sententia

242 2763 307 2825 qua
336 2741 521 2808 declaratur
545 2742 721 2826 Vergilium
752 2742 793 2807 ad
822 2743 1044 2827 usurpandam
1074 2742 1158 2807 hauc
1187 2743 1418 2827 apostropham
1444 2765 1481 2808 eo

241 2850 434 2910 commotum
465 2867 550 2924 esse,
584 2853 621 2910 ut
648 2847 785 2911 evitaret
813 2846 958 2931 syllabas
989 2846 1137 2910 similiter
1166 2847 1364 2925 desinentes,
1398 2868 1481 2931 quae

241 2949 426 3013 efficiuntur
442 2949 555 3014 formis
570 2961 708 3014 maneret
731 2956 763 3014 et
785 2961 894 3026 staret,
916 2952 979 3014 iam
998 2971 1017 3014 a
1041 2950 1248 3014 Weidnero
1273 2950 1305 3013 in
1322 2936 1481 3015 comman-

241 3053 325 3117 tario
346 3073 445 3136 supra
468 3052 554 3116 dicto
577 3054 700 3117 reiecta
724 3059 788 3133 est,
811 3053 922 3117 multis
944 3054 1028 3117 enim
1051 3052 1131 3117 locis
1153 3053 1247 3133 idam,
1271 3075 1335 3137 quo
1351 3054 1482 3118 Servius

241 3155 425 3234 offenditur,
448 3156 641 3220 invenimus:
664 3157 704 3219 cf.
729 3160 782 3220 Aa.
804 3157 928 3221 111549
953 3158 1136 3239 (relatarum
1239 3157 1480 3238 antemnarum);

242 3263 318 3324 Aen.
336 3259 410 3323 Vlll
425 3265 464 3324 47
490 3261 591 3342 (deiris
612 3308 619 3323 .
637 3309 645 3322 .
663 3308 669 3324 .
695 3262 815 3340 arinis),
841 3262 894 3323 Ae.
911 3243 956 3322 Xl
972 3264 1034 3324 372
1058 3261 1216 3342 (instantis
1237 3310 1244 3324 .
1262 3309 1294 3324 ..
1318 3262 1480 3341 serentir);

242 3363 359 3444 Georg.
382 3362 396 3426 l
421 3367 482 3426 226
506 3364 607 3445 (tanis
713 3363 842 3445 arenis),
871 3368 907 3425 ut
930 3363 995 3425 alia
1015 3363 1151 3426 mittam.
1196 3363 1374 3427 Audiamus
1394 3383 1479 3440 vero,

171 3477 177 3489 '
241 3465 318 3548 quid
342 3464 464 3530 iudicet
487 3464 728 3530 Weidnerue:
751 3466 794 3530 Es
817 3466 861 3529 ist
884 3465 936 3529 die
959 3471 1067 3543 religia
1091 3471 1159 3541 laci,
1183 3465 1302 3530 welche
1327 3466 1379 3530 die
1395 3468 1480 3549 Apo·

241 3567 374 3652 strophe
402 3569 611 3632 veranlasste.
667 3569 726 3632 Die
755 3591 816 3633 arx
840 3573 972 3645 Priami,
1005 3570 1165 3651 Pergama
1195 3569 1274 3633 oder
1296 3569 1479 3652 Pergamos,

241 3692 308 3735 war
343 3671 621 3754 gewissermassen
656 3671 707 3735 die
741 3679 830 3737 redes
864 3678 985 3751 imperii
1013 3682 1149 3738 sacrata.
1205 3672 1266 3735 Um
1295 3694 1360 3737 nun
1393 3673 1481 3736 diese

242 3774 359 3856 heiliga
376 3774 522 3839 Urst'ritte
547 3795 608 3838 von
633 3775 690 3838 der
713 3775 809 3839 Stadt
831 3775 933 3839 selbst
955 3798 994 3840 zu
1016 3775 1275 3852 unterscheidau,
1301 3775 1403 3840 daher
1423 3775 1482 3838 der

242 3875 390 3941 Wechsel
406 3887 505 3940 staret
581 3899 730 3942 maneres.
766 3877 905 3944 Froilich
922 3901 988 3943 war
1010 3879 1124 3961 gevvisa
1147 3879 1230 3942 auch
1255 3878 1307 3941 die
1324 3878 1482 3960 Nennung

243 3979 299 4043 des
321 3980 485 4058 PriamuS,
515 3980 566 4044 die
590 3981 795 4064 Erinnerung
825 4003 866 4046 an
895 3982 955 4045 den
979 3981 1252 4064 altehrwiirdigen
1273 3981 1395 4064 Kiinig,
1425 3982 1483 4045 der
1564 4038 1566 4043 .

242 4084 302 4146 mit
317 4084 422 4146 seiner
440 4083 526 4165 Burg
543 4084 637 4147 stand
654 4083 719 4148 und
734 4084 797 4165 fiel,
818 4085 908 4148 nicht
931 4084 1013 4148 ohne
1030 4084 1178 4148 Einlluss
1217 4083 1276 4148 Cui
1293 4084 1481 4148 Weidneri

243 4185 449 4269 explicationi
483 4207 592 4250 omnes
621 4188 849 4268 assentiemur,
881 4188 957 4270 quin
989 4188 1071 4251 enim
1103 4186 1186 4251 tales
1215 4188 1300 4251 sacri
1329 4187 1392 4252 loci
1419 4188 1483 4251 sint

243 4289 320 4373 apti,
344 4289 461 4371 quibus
485 4290 610 4354 animus
625 4291 905 4355 vehementissime
922 4295 1171 4368 commoveatur,
1195 4311 1288 4354 nemo
1310 4290 1482 4368 dubitabit,

120 4415 123 4421 ’
243 4398 341 4474 atque
364 4391 445 4455 haec
469 4413 597 4475 quoque
619 4394 816 4458 inanimatae
846 4394 894 4457 rei
922 4393 1085 4457 adlocutio
1114 4392 1256 4476 perbene
1284 4393 1483 4476 intellegitur

245 4516 284 4558 ex
307 4495 419 4558 eadem
443 4497 595 4561 interiore
618 4499 759 4574 rationo,
790 4519 887 4578 quam
913 4517 1012 4579 supra
1040 4496 1262 4578 cognovimus,
1294 4497 1351 4561 ubi
1377 4517 1482 4561 sermo

244 4597 431 4664 vertebatur
459 4599 502 4664 ad
531 4601 684 4665 animalia
711 4601 882 4684 quaedam.
928 4600 1083 4666 Similiter
1112 4598 1217 4664 elucet
1246 4601 1483 4666 reverentia
