3342 5392
788 465 1003 525 ..15-

278 635 448 700 Servius
470 633 632 699 iudicasse
654 639 813 700 annotans
835 633 883 698 illi
898 634 1022 699 versui:
1045 643 1136 697 totum
1157 637 1215 696 hoc
1236 653 1349 713 mcpaa
1361 637 1515 711 prospho-

278 744 345 803 nesi
356 739 381 823 ¹)
412 743 524 803 dictum
552 747 612 804 est:
636 744 711 818 pius
741 743 819 802 enim
847 749 894 804 est
914 742 947 801 in
969 758 1021 814 re,
1051 759 1141 816 quem
1169 742 1203 800 ia
1231 739 1351 801 amhn:
1381 741 1516 814 quemuis

278 848 357 907 enim
380 852 471 906 tolum
488 847 599 906 dicium
622 863 683 906 mom
705 847 755 918 sit,
777 852 875 906 tamem
897 851 927 905 et
948 847 1104 921 capitatur
1119 851 1149 904 et
1163 847 1286 920 capitur
1301 843 1339 905 oh
1355 845 1516 905 auditore:

279 953 356 1010 haec
372 957 417 1010 esi
432 951 510 1010 enim
524 967 638 1025 mcpmo
654 951 814 1025 emphasis,
830 940 917 1025 'quoe
926 951 1112 1024 perpetuom
1122 964 1289 1023 personam
1303 949 1515 1023 conplectitur.
1553 952 1561 960 '

280 1049 382 1114 Simili
413 1049 507 1115 modo
531 1049 651 1133 optime
674 1048 892 1134 explicabitur
913 1049 1127 1133 apostropha,
1157 1068 1255 1131 quam
1280 1048 1416 1130 legimus
1438 1051 1516 1114 Aen.

280 1153 341 1218 VII
364 1158 425 1218 759
442 1174 500 1236 sq,
532 1152 588 1218 ubi
611 1152 772 1235 Vergilius
801 1158 905 1218 morte
927 1152 1116 1231 Umbrosis,
1145 1157 1205 1216 riri
1231 1149 1402 1229 fertissimi,
1430 1173 1517 1232 quem

280 1277 385 1321 memus
407 1260 568 1336 Ampiiiue,
598 1261 697 1320 citrea
719 1261 857 1320 Fucinus
877 1262 979 1333 undu,
1008 1260 1117 1335 liquidi
1139 1260 1226 1319 iocus
1244 1262 1411 1335 fleuerunt,
1439 1255 1519 1320 mihi

283 1359 413 1443 quidem
428 1358 556 1424 videtur
577 1359 663 1424 iusto
678 1360 749 1424 iure
767 1359 800 1423 in
819 1359 972 1424 lacrimas
987 1364 1146 1443 raptatus.
1183 1358 1269 1442 Lege
1283 1380 1382 1443 porro
1397 1379 1518 1439 versus,

166 1505 167 1512 .
282 1464 338 1546 qui
367 1467 442 1528 sunt
463 1461 539 1527 Met.
561 1463 610 1530 XI
633 1467 675 1528 44
691 1483 748 1545 sq,
771 1462 889 1545 quibus
910 1458 1064 1527 narratur
1084 1460 1125 1526 de
1147 1466 1253 1526 morte
1273 1461 1403 1546 Orphei,
1432 1473 1519 1541 quem

282 1577 417 1632 maestae
432 1572 581 1642 volucres
605 1570 694 1631 turha
710 1568 861 1644 ferorum,
884 1571 980 1645 ripidi
1000 1571 1112 1652 silices,
1134 1570 1273 1630 carmina
1287 1587 1382 1645 saepe
1396 1577 1521 1630 seculae

280 1678 431 1750 fleuerunt
452 1675 558 1747 sileae,
581 1674 639 1735 aut
653 1669 730 1736 Met.
746 1669 808 1734 XII
828 1674 879 1750 68,
901 1669 958 1734 ubi
980 1690 1085 1735 sermo
1102 1670 1238 1736 vortitur
1259 1670 1293 1734 in
1306 1669 1521 1736 Protesilaum

284 1774 340 1856 qui
355 1779 477 1854 primus
495 1779 639 1853 fataliter
653 1777 806 1838 Hectorea
827 1779 918 1838 husto
939 1779 1041 1839 cudit:
1062 1774 1128 1838 iam
1150 1773 1308 1840 concedes
1330 1795 1440 1839 omnes
1461 1773 1522 1840 hos

284 1877 374 1944 locos
397 1875 554 1943 eiusmodi
577 1895 657 1957 esse,
678 1881 715 1941 ut
728 1882 846 1960 poetae
868 1878 902 1941 in
917 1877 1072 1942 maiorem
1095 1876 1194 1942 animi
1212 1876 1364 1944 affectum
1378 1877 1523 1943 incidere

284 1980 460 2064 potuerint,
486 1979 572 2045 unde
594 1979 812 2064 apostrophae
834 1981 1068 2064 profluxerunt.
1112 1979 1251 2064 Reliqua
1273 1982 1436 2066 exempla,
1465 1981 1523 2045 ubi

286 2083 391 2167 figura
424 2083 481 2148 illa
514 2083 662 2150 similiter
693 2084 813 2168 optime
847 2083 1046 2168 intellegitur
1080 2105 1120 2150 ex
1149 2090 1318 2168 poetarum
1347 2085 1438 2153 luctu
1473 2083 1523 2149 vel

287 2187 524 2267 misericordia,
557 2208 640 2271 quae
663 2187 848 2253 efficiuntur
870 2188 936 2253 sive
958 2193 1063 2254 morte
1085 2189 1222 2254 alicuius
1244 2189 1311 2254 sive
1332 2189 1431 2255 rebus
1453 2191 1524 2273 qui·

288 2290 423 2357 busdam
447 2291 607 2372 adversis,
638 2292 716 2357 satis
739 2291 845 2358 habeo
869 2313 1090 2372 enumerasse,
1122 2313 1195 2358 cum
1225 2294 1333 2359 omnia
1359 2293 1523 2377 explicare

284 2393 417 2478 longum
440 2416 479 2460 ao
502 2415 777 2479 supervacaneum
796 2396 876 2462 mihi
898 2396 1028 2478 quidem
1055 2395 1219 2477 videatur3
1250 2418 1334 2479 quae
1357 2398 1524 2463 inveniun-

287 2503 356 2563 tur:
380 2503 456 2563 Acn.
479 2499 504 2563 X
524 2504 604 2580 43ος
638 2499 908 2582 Met.1489sq.;
937 2499 981 2563 IV
1004 2505 1066 2564 242
1082 2520 1152 2583 sq.;.
1175 2500 1250 2564 VIII
1265 2506 1345 2582 4593
1374 2501 1421 2566 IX
1446 2506 1523 2582 1383

289 2607 351 2668 649
375 2623 464 2686 sqq.;
501 2602 531 2666 X
565 2608 604 2668 69
628 2624 691 2686 sq.;
735 2607 793 2668 311
821 2624 907 2686 sqq.;
953 2608 1022 2668 Art.
1055 2609 1152 2668 amat.
1182 2604 1213 2667 ΙΙ
1247 2609 1308 2669 249
1332 2626 1394 2687 sq.;
1438 2605 1524 2670 Fast.

290 2706 333 2807 ur
357 2711 428 2772 me.

379 2827 458 2892 Cum
490 2849 530 2892 ex
559 2827 766 2912 apostrophis
795 2827 903 2892 adhuc
935 2828 1043 2893 allatis
1073 2827 1121 2893 illi
1149 2829 1260 2894 tristes
1282 2829 1419 2896 affectus
1447 2829 1527 2894 dicti

292 2930 463 3010 eluxerint,
484 2931 582 2996 vertit
604 2937 751 3015 seposta
774 2931 839 2996 ira
862 2938 902 2996 et
923 2931 1220 3014 indignatione
1241 2933 1526 3006 inflammatus

290 3035 324 3098 in
347 3055 455 3114 versu,
480 3035 536 3118 qui
558 3041 608 3100 est
628 3037 705 3100 Aen.
727 3035 772 3100 IV
794 3040 873 3113 412,
896 3035 929 3098 in
952 3037 1101 3100 Amorem
1123 3034 1234 3100 deum:
1263 3040 1404 3116 Improbe
1426 3043 1526 3113 Amor,

292 3143 369 3218 quid
396 3159 456 3202 mom
484 3144 626 3203 mortalia
648 3148 781 3218 pectora
808 3143 914 3218 copis?
958 3138 1124 3203 Adiectivo
1153 3144 1289 3218 improbe
1311 3140 1451 3205 dilucide
1474 3141 1527 3205 da·

294 3245 503 3321 monstratur,
534 3263 574 3306 ex
594 3241 682 3324 quali
705 3242 804 3306 animi
824 3247 915 3306 motu
943 3242 1142 3326 apostropha
1161 3242 1360 3326 profluxerit.
1405 3244 1528 3310 Eadem

292 3343 538 3428 indignatio
570 3351 687 3429 poetae
717 3345 829 3410 subest
859 3345 1081 3428 apostrophis,
1115 3367 1199 3428 quae
1227 3348 1434 3414 inveniuntur
1460 3351 1527 3412 Art.

292 3453 390 3512 amat.
409 3448 545 3528 111459,
576 3447 634 3513 ubi
657 3448 871 3532 compellatur
892 3449 1112 3532 Demophoon,
1135 3455 1226 3531 heres
1252 3455 1361 3516 Thesei
1380 3457 1528 3528 criminis,

294 3557 347 3630 qui
363 3556 532 3631 Phyllidem
554 3557 634 3616 mole
652 3558 715 3629 pue
737 3554 862 3634 fefellit,
885 3557 918 3616 et
941 3556 1050 3617 Amor.
1073 3552 1089 3616 1
1111 3557 1227 3633 8,113,
1252 3554 1309 3620 ubi
1330 3562 1428 3639 poeta
1450 3555 1529 3620 allo-

294 3654 405 3737 quitur
433 3675 492 3738 par
522 3655 720 3720 aversionem
744 3655 850 3720 lenam
882 3655 933 3720 his
961 3655 1085 3721 verbis:
1119 3661 1159 3720 Di
1190 3662 1243 3722 tihi
1272 3665 1346 3723 dent
1371 3665 1531 3738 nullosque

295 3761 393 3830 Lares
417 3763 596 3837 inopemque
618 3769 770 3822 senectam
793 3764 832 3822 Et
854 3765 962 3839 tompus
983 3765 1096 3824 hiemes
1110 3773 1356 3846 perpetuumque
1376 3769 1465 3839 sitim.

382 3861 539 3926 Irrisio
563 3866 595 3927 et
616 3861 848 3942 ludibrium
871 3863 998 3927 videtur
1020 3863 1098 3950 mihi
1119 3864 1363 3931 fundamentum
1383 3872 1531 3950 apostro-

295 3964 444 4048 pharum,
467 3986 549 4047 quas
571 3965 707 4047 legimus
728 3964 853 4030 Fastor.
874 3966 905 4030 II
928 3970 1000 4046 811,
1029 3966 1085 4030 ubi
1107 3987 1212 4032 sermo
1235 3971 1373 4034 vertitur
1397 3971 1431 4034 in
1453 3970 1547 4034 Tar·

297 4069 451 4152 quinium,
481 4069 537 4151 qui
559 4068 744 4134 Lucretiam
768 4068 964 4153 corrupit2),
994 4069 1045 4134 vel
1068 4070 1154 4135 Fast.
1175 4072 1202 4136 V
1225 4077 1284 4138 591
1303 4094 1384 4157 sqq,
1406 4074 1463 4138 ubi
1483 4075 1534 4138 sic

296 4175 387 4238 extat
398 4194 405 4234 :

353 4419 356 4426 ¹
384 4397 409 4462 1)
428 4395 469 4449 Oi.
488 4415 515 4466 p.
535 4396 666 4450 lahaim
684 4396 792 4452 dissert.

383 4484 409 4549 2)
431 4481 514 4552 Quid,
531 4483 625 4551 uictor,
642 4481 772 4554 paudus?
799 4483 865 4538 hoec
890 4487 916 4536 te
939 4483 1055 4538 aictom'u
1076 4485 1181 4555 perdet
1223 4486 1287 4541 Heu
1313 4495 1416 4557 quanto
1440 4487 1532 4560 reperis

297 4583 353 4623 mcc
371 4569 447 4624 stetit
464 4585 524 4624 uma
541 4571 606 4624 tuis.
