3342 5392
746 509 969 582 ..g-q

254 693 391 752 mento
428 687 649 771 profectus
686 710 900 772 quaeram,
945 709 1023 772 quo
1060 688 1176 754 modo
1219 688 1491 772 reliquorum

254 795 474 874 poetarum
491 792 758 857 Romanorum
782 792 1033 871 clarissimi,
1054 793 1282 876 praecipue
1305 792 1491 877 dactyli·

255 915 409 974 corum,
432 894 808 979 eandem‘iiguram
830 897 1153 980 usurpauerint,
1183 895 1326 979 quain
1349 917 1391 960 16
1414 916 1491 960 non

256 997 385 1063 semel
406 998 567 1062 Graeca
589 999 782 1083 exempla
805 999 854 1064 ad
875 1000 1185 1064 illustrandum
1209 1021 1322 1063 usum
1347 1001 1490 1064 Roma-

254 1122 396 1167 norum
422 1101 641 1168 adhibebo.

773 1443 920 1512 CAPUT
943 1447 972 1511 Ι.

340 1603 357 1683 §
381 1608 407 1666 1.
454 1602 502 1666 Ex
524 1601 691 1666 rhetorum
715 1603 915 1667 Graecorum
938 1606 971 1665 et
993 1602 1210 1692 Romanorum
1238 1602 1375 1686 proiecti
1398 1624 1491 1686 prae-

256 1705 360 1790 ceptis
381 1705 474 1770 multi
500 1705 561 1769 viri
583 1705 670 1770 docti
692 1706 725 1769 in
747 1705 840 1770 libris
863 1705 905 1768 ad
927 1711 1031 1770 art'em
1051 1695 1247 1770 rhetoricam
1270 1705 1492 1790 spectantibus

255 1810 455 1892 scripserunt
481 1808 520 1874 de
547 1809 714 1892 provincia
734 1815 767 1874 et
788 1808 974 1874 definitione
998 1809 1067 1873 eius
1099 1808 1223 1888 figurae
1249 1831 1346 1891 quam
1370 1814 1492 1874 tracta-

255 1913 370 1977 bimus.
407 1913 468 1992 Qui
485 1917 593 1976 tamen
608 1911 691 1976 haec
713 1912 836 1996 scripta
852 1913 974 1977 maiore
990 1933 1062 1976 cum
1079 1911 1246 1994 diligentia
1260 1914 1492 1995 percensuerit,

256 2020 427 2099 cognoscet
455 2036 523 2080 rem
554 2016 656 2099 ipsam
682 2016 722 2080 de
751 2036 816 2099 666
847 2016 955 2099 661161
986 2016 1116 2080 minime
1145 2017 1330 2100 pervenisse
1353 2016 1394 2080 ad
1421 2038 1491 2081 eam
1518 2069 1521 2075 .

256 2119 447 2197 claritatem,
471 2140 555 2201 quae
577 2119 721 2202 optanda
744 2124 801 2184 est.
846 2119 940 2198 Quod
967 2119 1051 2184 enim
1077 2120 1219 2202 pertinet
1241 2118 1283 2183 ad
1307 2119 1493 2185 Ernestii

232 2222 381 2311 “lexicon
412 2222 637 2305 technologiae
666 2223 866 2288 Graecorum
896 2229 930 2286 61
955 2223 1143 2301 Latinorum
1179 2222 1362 2287 rhetoricae
1392 2223 1492 2308 (lips.

258 2327 492 2409 ires-1797),
522 2326 682 2390 assentior
704 2327 759 2405 eis,
788 2348 873 2409 quae
901 2325 1027 2409 profert
1057 2325 1241 2409 Monsel),
1271 2331 1354 2390 illum
1384 2331 1493 2391 librum

256 2435 346 2494 leodic
369 2451 428 2493 nou
450 2433 613 2509 sufficere3
638 2451 695 2494 666
718 2435 795 2494 euim
814 2440 948 2494 ueterum
969 2435 1028 2493 loci
1050 2436 1213 2494 tractando
1230 2435 1328 2508 plone
1350 2436 1494 2494 exhausti

255 2542 327 2598 sunt
347 2542 402 2597 out
423 2537 510 2597 allati
532 2553 642 2597 enarres.
672 2532 882 2614 Diligentius
904 2531 1035 2616 scripsit
1055 2532 1094 2597 (16
1109 2531 1310 2616 6666116616
1326 2532 1492 2598 Gerardus

258 2635 437 2701 Vossius
462 2635 496 2700 in
525 2633 608 2700 libro
638 2636 694 2718 qui
716 2635 906 2700 inscribitur
929 2635 1234 2700 commentariorum
1257 2634 1492 2701 rhetoricorum

256 2740 323 2808 sive
338 2738 555 2804 oratoriarum
574 2738 812 2804 institutionum
833 2739 910 2803 libri
931 2739 1040 2820 sex2);
1065 2738 1212 2804 diversae
1235 2744 1345 2804 tamen
1367 2741 1493 2824 species

255 2842 380 2926 figurae
409 2841 455 2906 ibi
485 2841 726 2907 contunduntur
754 2843 840 2906 inter
869 2863 913 2920 se,
948 2840 1034 2906 unde
1063 2862 1182 2924 magua
1210 2843 1415 2925 perturbatio
1447 2844 1492 2912 fit.

257 2945 413 3011 Similiter
434 2965 487 3010 res
508 2967 542 3010 se
565 2943 720 3009 1616116
743 2944 925 3010 Gerberi
955 2945 1039 3009 libro
1060 2945 1227 3010 notissimo
1250 2945 1326 3030 (Die
1348 2946 1493 3030 Sprache

257 3047 436 3114 alsKunst.
458 3048 543 3113 Berl.
562 3035 659 3128 18853
683 3047 722 3112 cf.
744 3049 848 3126 1513,
871 3049 901 3113 11
917 3053 978 3112 272
989 3050 1073 3131 sqq).
1111 3047 1395 3114 Volk'mannus
1418 3072 1493 3115 vero

259 3155 293 3218 in
314 3153 399 3217 libro
422 3152 478 3235 qui
501 3157 551 3217 eet
569 3151 609 3216 de
625 3158 696 3216 arte
716 3151 881 3216 rhetorica
897 3151 1095 3216 Graecorum
1112 3157 1145 3216 et
1161 3152 1377 3217 Romanorum
1394 3154 1493 3237 (lips.

258 3255 423 3340 618853)
446 3255 699 3338 haudquaquam
720 3255 806 3319 omui
829 3277 870 3320 ex
893 3259 987 3338 parte
1010 3260 1098 3320 16616
1122 3255 1201 3319 dicit
1223 3255 1263 3320 de
1285 3257 1493 3340 6666116616,

258 3361 378 3444 661666
394 3360 450 3443 661
466 3379 537 3424 6661
553 3357 693 3442 66661616
716 3357 848 3440 figurae,
870 3359 904 3422 in
919 3379 985 3440 qua
1005 3357 1087 3423 haec
1110 3357 1297 3424 dissertatio
1318 3361 1494 3442 praecipue

257 3463 450 3541 versabitur,
466 3463 594 3527 omnino
610 3461 740 3526 silentio
755 3462 972 3545 praeterierit.
1006 3461 1180 3544 Monse4)
1197 3466 1230 3525 et
1250 3461 1494 3545 Straubius⁵l

258 3587 455 3651 quemquam
469 3565 571 3630 multo
586 3564 806 3647 diligentiores
826 3565 958 3630 fuerunt
971 3565 1005 3628 in
1019 3563 1125 3646 figura
1141 3564 1363 3644 describenda,
1384 3571 1494 3630 tamen

258 3691 342 3753 quae
368 3669 432 3733 166
454 3673 613 3752 66661661,
639 3689 679 3732 66
702 3667 764 3750 1661
788 3667 919 3750 quidem
942 3668 1086 3732 exsecuti
1107 3672 1181 3732 sunt
1204 3668 1328 3748 omnia;
1359 3668 1494 3747 accedit,

259 3773 346 3856 quod
366 3773 508 3838 Monse
532 3776 664 3836 revocat
685 3792 743 3836 nos
767 3770 809 3834 ad
833 3771 1010 3839 Dzialae
1040 3771 1308 3849 dissertationem,
1339 3777 1496 3854 quaeest

259 3877 300 3941 de
315 3876 522 3958 antiquorum
538 3874 705 3940 rhetorum
721 3875 761 3940 de
776 3874 890 3956 figuris
904 3874 1054 3940 doctrina
1065 3875 1186 3957 (progr.
1199 3895 1341 3959 gymnas.
1353 3875 1494 3958 Magdal.

347 4120 372 4185 1)
396 4116 532 4172 Veterum
558 4115 713 4170 Rhetorum
737 4115 772 4169 de
796 4115 995 4169 sententiarum
1020 4113 1116 4183 figuris
1150 4114 1284 4169 doctrina.
1326 4114 1394 4169 Pars
1417 4118 1496 4185 prior

260 4205 335 4272 (diss.
353 4204 420 4273 phil.
439 4203 480 4256 ed.
498 4202 681 4256 Vratisleviae
701 4203 776 4268 1869)
795 4200 881 4270 praet·
899 4219 926 4270 6.
939 4203 963 4254 3.

345 4293 372 4358 2)
391 4289 433 4344 Oi.
451 4289 479 4344 V
496 4307 523 4358 p.
536 4291 587 4342 368
599 4306 658 4357 sqq.

346 4377 372 4444 3)
392 4375 434 4430 cf.
452 4395 479 4444 p.
499 4377 562 4442 143;
580 4377 639 4429 500.

345 4462 372 4531 4)
389 4461 423 4516 Ι1.
442 4480 462 4515 6.
481 4480 502 4515 s.
520 4480 548 4532 p.
560 4463 595 4514 20
607 4479 665 4530 sqq.
1026 4524 1032 4537 ι

285 4549 288 4556 “
346 4551 372 4617 5)
390 4547 433 4602 De
452 4548 540 4617 tropis
559 4551 587 4600 et
605 4546 706 4616 figuris,
733 4563 801 4614 quac
825 4546 1000 4604 inveniuntur
1016 4546 1045 4597 in
1064 4545 1233 4599 orationibus
1252 4545 1448 4600 Demosthenis
1467 4553 1495 4600 et

262 4634 404 4689 Ciceronis
423 4635 496 4702 (diss.
516 4633 582 4704 phil.
602 4632 778 4702 Wirzeburgi
798 4634 874 4699 1883)
892 4651 919 4701 6.
937 4633 1040 4700 88666.
