3342 5392
656 520 869 584 ...27-

146 693 362 759 veneratio
396 691 515 776 partim
549 691 693 758 odium.
740 689 868 774 Ubique
891 709 967 753 vero
998 687 1162 753 evitantur
1196 685 1291 752 simul
1323 707 1383 772 per

146 798 316 880 enallagen
338 817 432 861 cesus
456 795 588 874 formae,
612 800 769 881 quaeant
790 815 851 878 per
872 799 980 859 seaut
1001 813 1060 877 per
1082 791 1286 874 iniquitatem
1308 790 1383 855 reli-

147 923 285 986 quarum
307 921 419 965 vocum
444 899 581 984 speciem
607 899 717 964 cretici
741 898 943 962 continentes
971 895 1079 961 versui
1101 893 1261 979 dactylico
1282 894 1383 960 inseri

145 1026 210 1070 non
233 1009 417 1088 potnerunt.
731 990 736 1001 ’

233 1127 324 1210 §lh
370 1124 493 1203 Quibus
517 1123 675 1190 absolutis
697 1122 784 1189 refer
802 1120 914 1187 oculos
936 1142 1062 1186 mecum
1084 1119 1126 1184 ad
1148 1119 1265 1197 locum,
1288 1139 1382 1202 qnam

147 1249 247 1312 snpra
268 1251 298 1312 p⁴
313 1233 354 1292 24
371 1228 599 1305 't1·ectavimus,
621 1226 687 1294 scil.
705 1229 812 1292 Amor.
828 1224 860 1289 11
876 1230 925 1303 18,
942 1230 993 1303 22,
1016 1223 1072 1288 nbi
1094 1227 1160 1288 est:
1183 1232 1213 1287 el
1229 1227 1383 1299 lacrimas,

147 1337 249 1412 Phylli
271 1337 392 1408 relicto,
416 1342 502 1408 tuum
534 1352 630 1414 quam
655 1328 886 1414 apostropham
910 1349 1010 1412 snpra
1032 1326 1172 1392 diximus
1193 1325 1315 1409 optime
1336 1324 1384 1388 in·

148 1435 257 1518 tellegi
271 1457 321 1500 ex
344 1434 640 1501 misericordia
668 1437 794 1517 poetae,
823 1430 1062 1516 respiciendum
1084 1451 1161 1494 vero
1183 1450 1263 1506 esse,
1295 1427 1383 1511 quod

147 1538 255 1603 forma
282 1543 431 1620 Phyllidis
464 1536 570 1602 versui
605 1537 717 1621 iniqua
747 1557 806 1620 per
839 1533 1008 1617 enallagen
1041 1554 1136 1598 casus
1169 1532 1292 1598 evitata
1325 1535 1384 1596 est.

147 1641 213 1706 Sed
236 1641 325 1707 alind
347 1640 489 1706 accedit:
514 1640 572 1706 illa
596 1640 695 1705 verba
714 1644 789 1705 sunt
818 1638 852 1702 in
879 1643 1092 1722 pentametro,
1123 1657 1186 1719 qno
1217 1635 1259 1701 ab
1289 1657 1385 1701 versu

145 1746 278 1811 ,omnino
312 1743 489 1810 abhorrere
520 1765 631 1823 voees,
672 1763 756 1826 quae
794 1741 954 1826 praebent
989 1739 1130 1825 speciem
1163 1744 1220 1805 aut
1250 1737 1386 1805 bacchei

148 1849 194 1932 (h.
210 1870 237 1915 e.
259 1850 352 1931 υ--)
376 1854 433 1913 aut
454 1847 551 1912 ionici
575 1869 595 1912 a
617 1848 739 1913 minore
761 1846 806 1932 (h.
824 1868 850 1911 e.
873 1846 996 1927 υυ--)
1019 1844 1104 1908 inter
1119 1864 1230 1908 omnes
1246 1847 1384 1918 constet.

149 1953 265 2040 ltaque
289 1974 347 2036 per
368 1951 457 2016 illam
480 1950 711 2035 apostropham
734 1956 908 2034 praeterea
931 1949 1053 2013 evitata
1074 1952 1125 2012 est
1145 1946 1257 2031 iniqua
1279 1946 1384 2011 forma

45 2109 49 2117 .
148 2061 288 2132 relictae,
311 2076 394 2138 quae
418 2054 505 2120 illins
528 2055 647 2138 speciei
669 2052 823 2122 metricae
846 2081 925 2111 υ--
946 2051 997 2118 sit.

236 2158 357 2224 Eodem
381 2157 706 2224 misericordiae
732 2155 894 2221 affectu
923 2160 1102 2220 commotus
1129 2153 1258 2218 ridetur
1286 2158 1385 2238 poeta

150 2271 330 2327 sermonem
364 2262 499 2326 vertisse
533 2261 620 2326 Fast.
652 2260 694 2325 VI
724 2266 786 2326 494
820 2259 863 2325 ad
896 2258 1057 2324 infelicem
1091 2257 1290 2323 Melicerten
1328 2262 1386 2321 ant

149 2365 245 2430 Trist.
268 2367 326 2446 15,
343 2371 382 2430 22
405 2365 447 2430 ad
470 2377 508 2443 lc,
531 2370 628 2429 tristis
652 2369 779 2441 Oreslu;
801 2363 888 2428 Fast.
903 2363 949 2428 Ill
965 2368 1027 2428 612
1051 2361 1184 2427 Ovidius
1206 2361 1300 2445 quasi
1319 2348 1392 2440 flet,

151 2476 186 2533 ut
217 2475 334 2552 poetae
363 2468 465 2553 ipsius
486 2467 594 2533 verbis
618 2474 701 2545 utar,
730 2487 795 2532 una
818 2489 891 2531 cum
914 2465 1084 2551 Cythereie
1107 2465 1206 2530 heroe
1227 2469 1384 2530 admonitu

146 2584 260 2649 *moiun
293 2578 410 2651 Elissa,
445 2577 497 2636 lui.
549 2570 635 2636 Fast.
663 2571 694 2635 lI
722 2576 784 2636 718
821 2575 931 2636 autem
966 2569 1035 2634 sine
1069 2569 1168 2634 dubio
1203 2567 1289 2633 inest
1321 2568 1385 2631 in-

149 2675 362 2758 dignatio,
388 2676 440 2741 cni
463 2661 595 2740 affectui
618 2679 783 2758 tamquam
800 2673 987 2740 testimonio
1003 2683 1054 2738 est
1068 2672 1263 2739 adiectivnm
1286 2677 1384 2748 dirus,

149 2779 237 2862 qnod
260 2778 381 2843 nomini
403 2777 540 2863 Superbi
562 2777 708 2842 additum
736 2783 801 2859 est;
831 2776 929 2842 simili
959 2776 1079 2842 affectu
1109 2775 1265 2841 incitatus
1293 2774 1384 2841 adhi-

148 2882 259 2947 buisse
282 2882 409 2947 videtur
433 2887 530 2966 poeta
553 2880 786 2965 apostropham
808 2881 842 2945 in
864 2880 1021 2964 versibus,
1044 2880 1100 2963 qni
1121 2879 1274 2964 leguntur
1288 2878 1385 2943 Trist.
1451 2871 1456 2882 '

148 2986 241 3064 1112,
258 2991 352 3068 3sq.:
376 2991 439 3049 Nec
461 3007 522 3061 uos,
547 2990 697 3061 Pierides,
718 3005 778 3070 'uec
799 2989 895 3064 stirps
914 2988 1031 3060 Letoia,
1053 2994 1154 3048 uestro
1171 2987 1268 3048 Docte
1281 3003 1384 3047 sacer-

150 3095 215 3154 doli
237 3093 328 3153 turbu
349 3092 460 3152 tulistis
483 3108 578 3166 opens.
622 3086 779 3153 Omnibus
801 3086 853 3152 his
878 3085 959 3151 locis
989 3091 1098 3152 antem
1128 3107 1296 3151 commune
1327 3091 1385 3164 est,

149 3191 238 3276 qnod
266 3213 325 3276 per
354 3190 523 3274 enallagen
552 3211 648 3256 casus
677 3191 727 3262 vel
751 3210 921 3274 personae
951 3190 1114 3254 evitantur
1140 3188 1222 3254 tales
1261 3190 1385 3259 formae

149 3299 363 3379 (Melicerten,
391 3300 539 3373 Orestam,
563 3299 693 3372 Elissae,
717 3298 860 3374 Superbi,
885 3294 1035 3378 tulerunt)
1066 3314 1150 3376 quae
1181 3296 1385 3377 pentametro

148 3399 248 3463 inseri
270 3398 359 3463 nullo
383 3397 479 3463 modo
500 3404 685 3482 potuerunt.
723 3390 725 3398 ⁴

235 3501 324 3566 Idem
353 3501 456 3569 habes
484 3501 556 3566 aliis
586 3500 748 3566 nonnullis
776 3500 865 3580 locis,
895 3522 912 3566 e
939 3500 1057 3584 quibus
1078 3498 1282 3566 veneratio
1309 3499 1385 3563 deo·

148 3627 220 3670 rum
251 3607 302 3669 vel
329 3605 494 3670 hominum
529 3604 698 3689 propalam
734 3605 855 3670 elucet:
891 3605 958 3670 sive
989 3605 1182 3668 invocantur
1197 3614 1298 3694 ‘cusia
1328 3606 1386 3666 Mi-

149 3729 247 3772 ucruu
269 3709 391 3792 (Amor.
416 3709 430 3772 1
453 3713 481 3787 7,
508 3710 570 3791 18),
600 3709 666 3773 sive
692 3712 839 3786 Quirinus
866 3707 968 3791 (Fast.
990 3707 1035 3773 IV
1058 3708 1122 3792 56),
1151 3706 1218 3772 aive
1247 3705 1386 3791 Thybris

149 3812 231 3876 deus
252 3811 401 3890 fluvialis,
433 3814 570 3895 futurus.
585 3833 706 3891 parens
728 3817 866 3890 potentis
888 3831 990 3890 oquae
1010 3810 1112 3894 (Fast.
1134 3810 1178 3875 IV
1202 3811 1288 3893 572),
1318 3809 1402 3902 sive·

149 3921 248 3980 iustus
271 3919 400 3980 Latinus
421 3914 664 3998 (1111111544,
688 3917 793 3978 Amor.
815 3914 847 3980 11
872 3920 920 3994 12,
944 3916 1010 3998 22),
1037 3919 1103 3978 sive
1125 3921 1225 3978 cultus
1250 3918 1385 3979 Tibullus

149 4020 272 4103 (Amor.
295 4019 309 4082 I
336 4024 383 4098 15,
406 4021 470 4100 28),
500 4019 566 4083 sive
596 4029 692 4098 euplo
715 4023 835 4098 pudiea
858 4020 1004 4082 lucretia
1026 4017 1127 4101 (Fast.
1150 4017 1289 4097 11794),
1318 4016 1385 4081 sire

149 4126 299 4186 Homerus
328 4122 666 4205 (1111101.,1118,28);
704 4120 825 4204 ubique
859 4126 967 4185 antem
1000 4120 1034 4185 in
1066 4119 1179 4185 ordine
1213 4119 1384 4185 verborum

150 4230 241 4289 recto
263 4223 314 4290 vel
333 4226 367 4288 in
391 4225 574 4290 nominibus
596 4225 737 4308 propriis
760 4223 810 4288 vel
838 4225 886 4292 in,
902 4223 1069 4290 adiectivis
1098 4223 1237 4290 haberes
1263 4222 1385 4287 formas

149 4328 286 4394 bacchei
318 4332 375 4393 ant
403 4329 500 4394 ionici
532 4350 552 4393 a
581 4330 713 4394 minore.
757 4327 837 4392 Tres
865 4328 929 4392 loci
958 4327 1071 4394 similis
1100 4327 1228 4411 generis
1249 4331 1384 4405 restant,

150 4433 207 4516 qui
231 4432 407 4496 cohaerent
426 4435 511 4496 inter
541 4453 575 4495 se
604 4433 660 4510 ita,
690 4439 728 4518 ut
758 4431 990 4516 apostropham
1021 4431 1063 4495 ab
1093 4429 1213 4495 affeetu
1242 4430 1384 4514 quodam

149 4535 343 4620 profluxisse
359 4534 544 4604 ¹verisimile
575 4535 626 4613 sit,
662 4539 698 4598 ut
729 4555 805 4598 vero
836 4535 975 4613 nomina,
1007 4556 1066 4618 per
1096 4556 1132 4598 se
1162 4539 1265 4598 metro
1297 4540 1384 4617 opta,

149 4659 222 4723 per
245 4638 517 4720 iniquitatem
541 4636 804 4719 reliquarum
826 4658 976 4703 versuum
999 4658 1142 4703 vocum
1164 4658 1228 4701 non
1244 4636 1384 4720 quadra·
