3342 5392
791 480 1054 568 -12‘-

280 670 381 754 (apud
405 668 593 755 Spengel.
616 671 663 737 111
685 694 715 756 p.
738 675 808 757 88):
830 669 878 740 ‘H
894 674 930 742 di
951 680 1020 743 τῶν
1041 671 1232 759 προσώπων
1252 671 1439 762 μετάβασις,
1467 670 1516 737 in·

281 774 361 856 quit,
382 784 472 842 ποιεῖ
493 771 555 861 τὴν
578 776 787 863 καλουμένην
809 773 1040 864 ἀποστροφήν,
1062 774 1136 846 οἷον

435 877 495 947 τὸν
516 874 545 945 δ’
563 875 825 967 ἀπαμειβόμενος
844 881 1015 967 προσέφης
1037 881 1239 966 Πατρόκλεις
1260 885 1375 949 ἱππεῦ·
1388 881 1413 966 ¹)

367 985 432 1062 nai,

434 1085 518 1152 ἔνθα
540 1086 575 1154 κε’
598 1112 650 1154 τοι
671 1086 823 1155 Μενέλαε
847 1087 939 1174 φάνη
959 1091 1087 1175 βιοτοῖο
1109 1087 1291 1174 asismat).

369 1221 462 1310 Apud
479 1223 537 1287 Iul.
552 1223 825 1290 Rufinianum
846 1225 985 1311 (Halm.
1008 1248 1038 1310 p.
1051 1227 1106 1310 54)
1125 1227 1222 1310 legis:
1245 1224 1457 1304 Μετοίστασις
1472 1236 1518 1288 est

180 1380 184 1385 .
281 1333 329 1390 vet
351 1325 538 1412 μετάβασις,
568 1348 635 1391 cum
665 1334 857 1408 eloquentis
882 1349 1020 1409 persona
1047 1336 1091 1394 od
1113 1351 1281 1410 personam
1310 1335 1402 1394 adam
1431 1339 1517 1393 tran-

281 1434 370 1493 situm
392 1431 533 1507 sosimus,
556 1436 677 1496 ratione
700 1437 805 1510 aliqua
828 1440 877 1496 vet
897 1434 1034 1509 adfectu,
1057 1443 1109 1498 ut:

519 1538 586 1598 Non
608 1541 686 1600 doec
707 1540 857 1600 Euandro
881 1542 919 1601 de
942 1547 971 1601 te
986 1542 1145 1616 promissa
1159 1542 1289 1616 parenti

519 1640 689 1702 Discedens
712 1645 875 1704 dederam:
986 1657 987 1660 ’

369 1744 504 1804 Deinde:

487 1849 528 1908 Et
549 1865 631 1908 nureo
655 1850 708 1909 itte
730 1851 850 1924 quidem
873 1867 928 1925 spe
949 1854 1072 1911 multum
1095 1857 1203 1924 coptus
1225 1852 1313 1910 inani

486 1953 565 2012 Fors
585 1959 615 2013 et
636 1959 705 2012 vota
725 1950 830 2023 facit.
854 1999 894 2014 ..
1199 1955 1202 1961 '

367 2055 503 2116 Deinde:
814 2057 816 2062 '

401 2149 402 2154 ’
435 2153 564 2231 Infelix,
587 2157 684 2231 fuum
706 2161 772 2220 noti
793 2162 921 2220 crudele
942 2161 1065 2221 videbis.

435 2263 476 2322 Hi
497 2262 595 2322 nostri
616 2263 735 2322 reditus
758 2264 990 2338 exspectatique
1009 2265 1176 2338 triumphi?

435 2365 520 2424 Haeo
540 2383 606 2425 mea
627 2383 740 2441 mopna
758 2368 859 2439 fides?
903 2370 940 2426 At
961 2383 1032 2438 non,
1054 2368 1213 2439 Euandre,
1231 2369 1390 2441 pudendis

443 2468 622 2529 Vulneribus
638 2470 763 2545 pulsum
786 2471 928 2544 aspicies.

367 2572 452 2633 Haec
477 2575 583 2648 tipuro
606 2574 719 2633 dicitur
742 2573 874 2652 variatio
896 2581 951 2634 out
978 2574 1136 2634 transitus.
1167 2607 1210 2617 —-
1229 2566 1437 2656 Άποστροφὴ
1464 2580 1518 2647 est,

284 2692 351 2735 oum
381 2692 479 2736 sermo
503 2693 522 2736 a
542 2682 627 2736 recto
657 2683 686 2737 et
715 2677 852 2737 instituto
885 2679 994 2738 ordine
1020 2679 1052 2736 in
1083 2678 1234 2738 diversum
1266 2693 1304 2738 oo
1332 2679 1519 2738 contrarium

281 2780 420 2853 vertitur,
442 2785 492 2839 ut:
1277 2859 1280 2865 Ι

399 2903 401 2910 ’
502 2883 665 2959 Scipiadas
691 2886 786 2944 duros
808 2884 884 2945 tello
907 2890 937 2944 et
958 2891 997 2956 te,
1023 2885 1154 2944 maxime
1182 2883 1307 2945 Cacsar.

367 2988 421 3048 at:
501 2988 657 3061 impulerit
677 2985 765 3057 ferro
789 3032 796 3047 .
822 3033 828 3047 .
854 3032 861 3047 .
886 3032 893 3047 .

368 3107 477 3168 Latine
493 3109 649 3168 conversio
663 3108 785 3168 dicitur.
809 3107 897 3167 Inter
909 3086 1086 3168 metastasin
1098 3114 1128 3168 et
1138 3108 1345 3183 apostrophen
1356 3109 1413 3167 λοι
1425 3109 1519 3167 inter-

283 3217 339 3284 est,
362 3214 445 3286 quod
457 3212 629 3271 metastasis
647 3228 856 3285 personarum
872 3211 1072 3286 multiplicato
1089 3212 1219 3272 variatio
1236 3218 1281 3270 ost
1301 3215 1330 3270 et
1344 3211 1382 3272 ab
1399 3213 1462 3271 otio
1476 3214 1521 3271 od

283 3316 384 3387 oliam,
408 3315 519 3374 deinde
534 3332 645 3374 rursus
662 3316 705 3373 od
726 3315 817 3374 otium
833 3321 863 3374 ot
883 3315 1028 3389 deinceps
1042 3316 1228 3390 predatione
1246 3315 1414 3374 transitur:
1436 3322 1468 3374 at
1487 3317 1519 3373 in

283 3419 469 3493 apostropne
484 3417 672 3477 commutatio
691 3423 736 3476 est
752 3434 910 3492 personae
931 3416 1002 3488 sore
1017 3419 1118 3478 unius.
1149 3413 1402 3479 Rufinianus
1424 3419 1520 3499 vocat

234 3537 236 3540 ·
282 3518 381 3600 igitur
412 3516 551 3600 speeiem
570 3500 743 3599 ¹quandam
773 3515 869 3581 huius
892 3515 1111 3606 apostrophae
1137 3515 1325 3602 μετάβασιν.
1377 3516 1517 3581 Rutilius

282 3621 411 3703 Lupus
426 3618 554 3684 videtur
564 3618 693 3684 omnino
704 3618 789 3683 hanc
799 3618 1031 3703 apostropham
1046 3620 1229 3684 nominasse
1240 3617 1428 3706 μετάβασιν,
1445 3641 1515 3684 oum

284 3723 378 3788 dicit:
408 3727 502 3787 Unum
520 3743 619 3803 penus
639 3721 852 3807 μεταβάσεως
869 3732 915 3786 est
935 3723 1015 3806 [eius
1029 3715 1134 3807 modi]‚
1157 3743 1223 3786 cnm
1247 3726 1284 3786 aa
1306 3743 1343 3786 οα
1357 3727 1519 3799 sententio,

284 3849 373 3906 quam
396 3830 625 3906 proposuimus,
660 3831 861 3892 convertimus
890 3831 934 3890 ad
959 3831 1093 3905 aliquam
1119 3846 1287 3905 personum
1316 3837 1369 3889 aut
1398 3847 1462 3889 rem
1491 3836 1521 3890 et

284 3941 435 4009 tamquam
468 3939 663 4008 praesentem
700 3935 899 4008 appellamus.
954 3929 1052 3993 Recte
1085 3949 1159 3993 mea
1194 3928 1323 4011 quidem
1360 3913 1542 4007 sententia

283 4032 458 4097 Dzialas
487 4031 605 4118 dioit3)
628 4031 945 4111 Quintilianum
978 4030 1020 4095 ad
1048 4031 1130 4096 haee
1157 4032 1265 4096 omnia
1294 4032 1520 4116 respicientem
1547 4028 1549 4031 ’

281 4127 363 4200 illud
379 4134 556 4200 addidisse:
586 4141 653 4211 troo,
676 4141 728 4214 qui
750 4145 809 4198 tum
826 4156 929 4214 parvo
943 4145 1091 4198 momento
1106 4139 1275 4199 nominibus
1299 4140 1519 4210 discreverunt,

283 4239 463 4328 μετοὶβασιν
484 4249 600 4304 vocant.
646 4238 744 4321 Atqui
767 4243 896 4303 constat
918 4238 1061 4321 reliquos
1084 4237 1231 4303 rhetores
1247 4238 1343 4302 aliam
1367 4237 1519 4302 habuisse

370 4444 653 4515 mmmmm
733 4421 735 4425 ’

369 4531 650 4600 ammam

370 4618 627 4688 &Laapffi
