3342 5392
770 476 985 537 ..44-

257 642 528 729 apostropharum
551 666 685 710 numero
711 644 784 710 illos
805 649 920 730 poetas
943 644 1114 723 studuisse,
1136 649 1173 710 ut
1194 644 1232 725 is,
1253 643 1309 729 qni
1323 642 1490 724 narrabat,

255 771 348 813 suum
372 748 512 821 animum
535 748 703 813 cohiberet
719 769 798 813 neve
814 770 889 814 euos
905 747 1040 813 affectus
1057 749 1235 813 narrationi
1259 748 1490 833 interponeret.

259 852 322 916 Sed
338 850 404 915 noli
420 852 576 928 oblivisci,
596 852 681 935 quod
699 874 738 915 ex
755 852 951 916 carminibus
967 851 1074 917 allatis
1090 857 1203 917 extant
1223 857 1350 915 tantum
1365 871 1490 937 paucae

255 956 422 1039 reliquiae,
452 977 492 1019 ex
522 955 640 1038 quihus
669 955 709 1020 de
741 956 891 1020 universo
924 977 983 1020 usu
1014 954 1232 1038 apostrophus
1261 954 1293 1019 in
1326 954 1371 1018 eis
1403 954 1490 1019 laeto

253 1058 391 1123 iudicari
415 1080 477 1123 non
500 1063 616 1142 potest,
645 1059 796 1141 qnoniam
821 1079 898 1123 casn
922 1057 1069 1123 accidere
1094 1058 1247 1141 potuisse,
1273 1062 1309 1122 ut
1332 1057 1491 1140 reliquiae

254 1162 361 1244 figura
396 1161 453 1226 illa
489 1168 630 1239 careant,
659 1183 753 1226 nemo
796 1161 936 1245 negabit.
998 1161 1131 1227 Accedit
1171 1160 1236 1226 alia
1272 1182 1324 1226 res
1355 1160 1490 1243 ,minime

255 1265 469 1348 neglegenda:
498 1270 626 1330 constat
654 1266 737 1330 enim
766 1267 851 1331 inter
881 1286 991 1329 omnes
1019 1265 1124 1349 poetis
1149 1266 1364 1329 Romanorum
1389 1285 1491 1347 usque

251 1368 297 1433 ad
326 1369 510 1433 Lucretium
523 1370 548 1452 1)
583 1369 681 1433 luisse
712 1369 800 1433 illam
831 1368 960 1434 dicendi
990 1369 1157 1447 rationem,
1194 1367 1242 1432 de·
1265 1389 1330 1451 qua
1360 1368 1490 1431 Cicero:

255 1478 299 1536 itu
315 1477 402 1548 enirn,
424 1472 538 1555 inquit,
562 1477 776 1551 loquebamur:
800 1479 853 1552 qui
868 1483 913 1537 est
928 1459 1058 1537 euuibu’
1072 1477 1233 1551 princepe,
1257 1492 1317 1536 uon
1335 1475 1490 1549 „omuibus

249 1580 419 1653 prisaceps“
444 1586 474 1641 et
499 1580 561 1639 uiro
588 1581 644 1639 illo
674 1582 785 1656 dianu’
816 1584 950 1655 locoque,
980 1597 1040 1639 nou
1066 1581 1215 1655 „diuuus“
1246 1574 1379 1659 (Orator
1406 1576 1489 1655 161).

257 1678 328 1756 Quo
350 1677 445 1743 modo
467 1677 548 1743 haec
570 1700 622 1743 res
645 1684 678 1742 et
699 1679 917 1762 apostrophos
947 1700 1024 1743 usus
1053 1680 1138 1743 inter
1166 1699 1200 1742 se
1224 1677 1396 1741 coniuncta
1417 1676 1490 1755 sint,

256 1780 354 1843 liceat
375 1780 453 1845 mihi
477 1781 631 1864 exemplis
653 1781 827 1846 illustrare.
873 1782 956 1865 Lege
973 1802 1093 1864 quaeso
1111 1781 1289 1845 Ennianum
1306 1801 1432 1844 versum
1450 1785 1490 1845 28

254 1882 442 1967 (seeundum
472 1883 605 1949 Vahlen.
639 1884 743 1967 edit.):
793 1888 864 1948 Cum
893 1906 983 1949 suevo
1015 1889 1130 1949 obsidio
1161 1906 1288 1963 munaus
1321 1888 1491 1948 Titanus

250 1992 477 2065 premebat,
507 1994 564 2051 aut
585 2009 624 2051 ex
647 1987 750 2051 Lucili
780 1987 977 2077 carminibus
1001 2009 1113 2052 versus
1135 1988 1150 2051 I
1175 1994 1292 2070 l9sqq.
1316 1989 1391 2069 (see.
1414 1985 1490 2051 edit.

255 2089 389 2173 Marx.):
427 2102 461 2154 ut
488 2096 579 2155 Nenro
602 2096 641 2155 sit
672 2100 808 2156 nostrum
841 2097 913 2171 quia
943 2101 997 2155 out
1019 2102 1115 2171 puter
1145 2096 1317 2169 optimus
1348 2095 1490 2165 diuum,

256 2203 310 2256 out
336 2198 546 2272 Neptunus
570 2205 707 2272 puter,
738 2198 830 2259 Liber
860 2199 1064 2258 Saturnus
1090 2205 1214 2273 poter
1246 2198 1332 2259 Mors
1362 2196 1491 2256 Ianus

258 2301 454 2373 Quirinus
479 2308 573 2375 puter
603 2302 661 2361 siet
690 2284 728 2361 uc
759 2303 882 2361 dicutur
913 2304 956 2361 ud
983 2319 1083 2361 uuum.
1130 2296 1253 2377 Quibus
1274 2296 1306 2359 in
1331 2295 1490 2377 augustiis

154 2469 156 2473 ,
255 2398 398 2463 metricis
426 2402 544 2464 versati
574 2406 682 2465 essent
709 2402 925 2484 posteriorum
954 2406 1135 2485 temporum
1167 2399 1299 2485 poetae!
1344 2398 1408 2463 Eos
1441 2398 1492 2462 his

255 2502 289 2565 10
312 2502 458 2566 versibus
478 2523 518 2567 ex
539 2525 627 2568 mere
643 2505 778 2568 metrica
800 2503 927 2568 ratione
950 2524 984 2567 se
1003 2503 1184 2585 confugisse
1202 2501 1244 2565 ad
1260 2500 1492 2585 apostropham

255 2591 315 2689 pro
346 2611 435 2670 certo
468 2612 618 2671 statuam.
664 2606 784 2671 Poetae
816 2611 943 2671 veteres
971 2608 1071 2688 igitur
1103 2604 1270 2671 habebant
1302 2606 1335 2668 in
1368 2604 1425 2668 illa
1457 2625 1492 2667 10

257 2709 413 2794 optimum
443 2709 630 2788 remedium,
659 2730 722 2792 quo
752 2709 957 2780 arcebantur,
988 2730 1027 2773 ne
1050 2707 1492 2793 apostrophaabuterentur.

342 2832 359 2914 ᾗ
384 2834 435 2894 22.
480 2830 718 2908 Lucretius,
742 2851 837 2913 quem
862 2829 994 2894 eandem
1016 2830 1174 2894 rationem
1191 2828 1318 2893 dicendi
1339 2827 1493 2892 habuisse

257 2954 356 3015 supra
385 2932 575 3011 audivimus,
606 2934 640 2996 in
665 2931 720 2997 ‘de
742 2954 850 2997 rerum
880 2930 1010 2997 natura’
1041 2932 1133 2996 libris
1164 2954 1220 2997 sex
1251 2930 1386 2995 adhibet
1415 2943 1518 3013 apo-'

259 3036 425 3119 stropham
457 3036 579 3100 semel
605 3036 637 3100 iu
661 3037 751 3101 tertii
780 3035 857 3099 libri
885 3037 987 3113 initio,
1019 3058 1057 3100 ao
1080 3036 1209 3119 quidem
1234 3037 1302 3099 sine
1325 3034 1423 3107 dubio
1454 3054 1493 3097 ex

258 3140 534 3204 veneratione
570 3145 604 3203 et
639 3139 936 3218 admiratione,
975 3161 1072 3222 quam
1109 3138 1209 3204 habet
1241 3139 1274 3205 in
1308 3136 1493 3221 Epicurum,

259 3250 352 3307 decus
378 3248 493 3307 Graiae
512 3249 623 3322 uentis.
669 3242 762 3321 Quod
784 3264 860 3307 vero
882 3242 936 3306 hic
963 3250 1060 3326 poeta
1089 3249 1156 3307 tam
1186 3262 1305 3325 parcus
1333 3240 1495 3303 invenitur

258 3348 291 3409 in
313 3345 438 3428 figurae
459 3368 528 3424 usu,
560 3346 621 3409 hoc
643 3345 832 3428 intellegent
854 3367 973 3424 omnes,
998 3347 1052 3429 qui
1075 3345 1224 3428 legerunt
1246 3364 1384 3422 carmen,
1408 3343 1494 3426 quod

257 3448 305 3512 illi
328 3450 488 3513 aversioni
510 3449 639 3513 minime
669 3448 872 3531 aptissimum
903 3448 1002 3513 fuisse
1025 3454 1170 3532 apparet.
1194 3486 1234 3497 —
1261 3446 1412 3511 Crebrior
1434 3446 1496 3509 fuit

258 3552 292 3615 in
314 3552 418 3634 figura
440 3552 586 3635 aequalis
605 3552 736 3616 Lucreti
760 3550 950 3631 Catullus3
974 3552 1112 3635 primum
1137 3551 1266 3634 quidem
1288 3548 1495 3614 inveniuntur

258 3654 403 3718 nonnulli
418 3654 490 3733 loci,
512 3654 569 3718 ubi
584 3660 698 3718 extant
712 3654 940 3737 apostrophos,
963 3675 1045 3737 quas
1061 3676 1100 3718 ex
1116 3653 1286 3718 affectibus
1302 3652 1495 3737 quibusdam

258 3756 451 3839 profluxisse
467 3758 500 3820 in
516 3763 629 3841 aperto
646 3764 711 3837 est3
735 3778 815 3840 quos
830 3756 1022 3840 regiense:
1045 3763 1073 3835 3,
1097 3763 1151 3838 133
1175 3762 1225 3834 63,
1249 3763 1283 3837 9;
1308 3762 1357 3835 65,
1381 3764 1494 3839 9sqq.;

260 3866 310 3937 66,
344 3865 479 3944 210011,
514 3867 570 3941 893
594 3863 667 3940 78¹³,
702 3868 777 3943 2sq.
830 3860 998 3925 Accedunt
1030 3859 1111 3925 talia
1143 3860 1299 3942 exempla,
1337 3880 1420 3942 quae
1456 3882 1495 3923 ex

259 3962 372 4027 eadem
392 3964 546 4027 interiore
569 3964 696 4027 ratione
719 3963 911 4049 explicanda
934 3984 1004 4027 esse
1027 3963 1185 4042 videntur,
1214 3962 1270 4027 ubi
1292 3984 1368 4027 vero
1390 3962 1495 4045 figura

260 4066 355 4130 simul
385 4072 488 4131 metro
517 4066 626 4150 aliquo
657 4066 752 4131 modo
779 4072 858 4150 apta
886 4065 963 4147 fnit3
998 4087 1082 4150 quae
1116 4066 1233 4130 habes:
1268 4074 1297 4145 4,
1327 4064 1413 4149 13³),
1436 4071 1495 4151 263

348 4277 372 4341 1)
391 4274 501 4341 Confer,
528 4274 602 4342 quod
626 4274 704 4327 addit
720 4274 975 4327 Lachmannus
1003 4273 1129 4327 Lucretii
1149 4274 1340 4327 commentarii
1365 4290 1391 4341 p.
1410 4273 1494 4339 28sq.

347 4362 375 4426 2)
394 4360 483 4413 (litavi
502 4378 551 4414 ex:
571 4360 672 4414 Catulli
692 4359 861 4414 Veronensis
882 4359 1049 4415 1111011100.
1068 4359 1169 4413 Aemil.
1188 4354 1388 4411 Baehrens
1415 4356 1495 4411 Nova

260 4446 355 4499 Editio
375 4465 391 4498 a
407 4444 444 4498 Κ.
462 4445 492 4499 P.
514 4444 672 4499 Schulze
690 4462 756 4513 eun,
774 4445 850 4514 Lips.
874 4448 945 4499 1893.

347 4535 375 4599 3)
393 4532 579 4585 Baehrens
597 4533 626 4584 in
643 4532 843 4585 commentario
861 4532 925 4585 huic
945 4532 1131 4601 apostrophus
1151 4531 1242 4585 addit:
1321 4528 1377 4583 Hic
1394 4530 1495 4583 uraiora'

261 4615 348 4672 πάθει
366 4618 431 4671 iude
449 4618 532 4684 locus,
559 4618 631 4686 quod
654 4618 711 4671 ioue
732 4617 875 4686 phasellus
899 4633 927 4671 se
952 4620 1083 4672 conuertit
1100 4618 1139 4672 ud
1159 4617 1287 4686 putrium
1310 4620 1342 4669 ut
1368 4616 1432 4669 olim
1455 4616 1495 4669 sic
