3342 5392
669 484 885 545 ..15-

155 650 246 728 Quae
267 653 376 718 autem
399 655 457 730 ost,
485 671 618 735 quaeso,
645 672 723 720 rora
745 651 842 720 huius
865 651 985 736 speciei
1012 651 1230 736 aposbopbae
1251 653 1393 718 natura?

155 753 274 822 Omnes
296 753 484 838 intellegent
506 755 540 820 id
560 755 647 838 quod
669 755 702 821 in
723 755 819 822 huius
840 755 1077 823 dissertationis
1098 756 1302 839 praelatione
1317 755 1393 836 dixi,

155 879 195 922 ex
218 857 380 923 nonnullis
402 859 531 924 selectis
555 859 709 943 exemplis
732 858 772 923 de
797 858 857 924 illa
876 879 923 939 re,
949 858 990 923 de
1014 859 1164 924 universo
1186 859 1311 942 figurae
1332 880 1394 924 usu

106 979 114 988 ·
151 960 293 1033 ‚iudicari
315 981 380 1026 uon
402 981 506 1045 posse.
553 963 678 1045 ltaque,
708 962 799 1026 utin
830 961 916 1029 banc
948 983 1016 1028 rem
1049 961 1146 1028 altius
1178 969 1393 1046 penetremus,

156 1065 313 1148 optimum
335 1069 415 1150 puto
430 1066 630 1150 perscrutari
646 1066 792 1132 carmina
806 1065 943 1132 duorum
959 1070 1139 1150 poetarum,
1161 1087 1299 1149 quorum
1314 1087 1393 1131 usus

153 1167 278 1252 figurae
306 1158 340 1234 et
368 1167 648 1252 frequentissimus
673 1175 706 1234 et
729 1169 870 1235 maximo
902 1169 1094 1252 conspicuus
1123 1175 1182 1246 est,
1212 1169 1393 1234 Ovidi'et

154 1271 336 1355 Vergili,
359 1277 458 1355 atque
473 1293 515 1337 ax
533 1271 584 1336 bis
600 1273 707 1338 omnia
722 1272 773 1338 rel
795 1279 883 1339 carte
902 1271 1047 1356 ‘plurima
1061 1271 1209 1356 exempla
1231 1271 1392 1354 colligere.

150 1374 208 1446 ¹Sic
237 1374 321 1440 enim
351 1375 479 1440 facibus
509 1376 724 1442 demonstrari
752 1377 888 1461 poterit,
923 1396 989 1458 qna
1017 1376 1145 1441 ratione
1177 1377 1316 1460 permoti
1345 1375 1392 1440 illi

153 1482 271 1561 poetae
294 1477 619 1564 hanc-apostrophos
642 1480 782 1564 speciem
804 1479 1023 1544 adhibuerint.
1278 1472 1282 1480 ’

629 1853 632 1860 ,
662 1770 811 1840 curun
833 1773 886 1840 11.

756 1913 792 1977 A.

240 2033 258 2116 t
280 2037 310 2095 4.
340 2031 509 2096 Notabiles
530 2036 660 2096 exstant
681 2053 793 2097 versus
814 2032 871 2116 qui
893 2037 969 2098 sunt
991 2034 1068 2098 Aen.
1091 2031 1133 2095 IV
1158 2036 1221 2098 408
1237 2053 1306 2114 sqq.
1319 2033 1360 2114 ¹):

283 2204 285 2208 ,
384 2139 457 2212 Quis
481 2139 534 2200 tibi
557 2147 626 2212 tum,
651 2139 741 2213 Dido,
764 2141 903 2200 cernenti
925 2141 1001 2200 tolia
1022 2156 1141 2212 senaar,

383 2244 499 2316 Quosve
523 2241 619 2304 dobes
641 2246 779 2320 gemitus,
803 2261 870 2304 cum
893 2245 986 2304 litore
1007 2241 1132 2315 fervere
1154 2243 1215 2304 lete

379 2347 581 2422 Prospiceres
603 2364 677 2407 erce
699 2363 734 2407 ec
756 2353 1045 2423 commotorumque
1068 2348 1191 2408 videres

379 2449 506 2511 Misceri
524 2455 597 2510 onte
620 2452 722 2510 oculos
746 2451 840 2510 tontis
862 2451 1046 2511 clamoribus
1068 2453 1206 2526 aequori

144 2593 146 2598 ·
237 2565 296 2630 His
319 2565 404 2631 onim
426 2566 459 2630 in
475 2565 621 2632 versibus
643 2565 757 2650 figura,
781 2566 821 2632 de
846 2588 910 2650 qua
933 2565 1157 2646 tractabimus,
1181 2568 1301 2655 optime
1320 2588 1389 2632 cer·

150 2670 256 2749 nitnr3
285 2670 318 2734 in
342 2669 447 2736 medio
470 2670 667 2734 narrationis
688 2675 801 2736 tenore
832 2692 892 2755 per
919 2670 1088 2754 enallagen
1112 2691 1206 2735 casus
1237 2673 1310 2756 (pro
1332 2669 1389 2735 da·

150 2773 217 2838 tivo
243 2773 362 2857 legitur·
395 2774 574 2859 vocativus)
607 2776 806 2839 convertitur
834 2794 940 2839 sermo
970 2773 1012 2838 ad
1036 2773 1204 2838 Didonem.
1256 2774 1327 2852 Qua
1349 2772 1389 2838 dc

150 2897 249 2942 cansa
281 2882 390 2942 autem
425 2882 524 2961 poeta
557 2879 680 2943 meavit
710 2878 795 2943 banc
823 2877 962 2943 formam
994 2876 1147 2942 dicendi?
1202 2877 1319 2960 Agitur
1349 2876 1390 2941 de
1465 2933 1468 2938 .

150 2985 237 3045 sorte
257 2979 402 3059 Didonis,
425 2979 564 3045 infelicis
585 2980 739 3061 mulieris,
762 3001 848 3064 quae
870 3000 994 3046 summo
1017 3000 1127 3045 amore
1147 2981 1279 3046 incensa
1301 3001 1390 3045 ame-

141 3089 254 3148 ·torem
270 3083 487 3149 discessurum
503 3083 599 3149 videt.
636 3084 708 3149 Huc
729 3086 762 3148 in
784 3085 905 3150 misera
921 3083 1109 3149 condicione
1124 3083 1258 3148 Didonis
1280 3090 1388 3148 antem

150 3187 218 3252 sine
242 3186 341 3252 dubio
365 3207 463 3252 cansa
478 3187 697 3272 apostropbae
719 3193 769 3254 est
789 3188 906 3272 posita.
945 3188 1046 3266 Quem
1060 3203 1125 3251 non
1140 3187 1251 3270 capiat
1265 3187 1389 3250 miseri-

148 3290 276 3371 cordia,
309 3291 364 3373 qui
395 3291 487 3356 audit
517 3290 557 3356 de
587 3296 681 3357 tanta
704 3290 937 3372 sollicitudine,
967 3291 1096 3358 datam
1119 3289 1237 3356 acerbo
1267 3287 1387 3354 dolore.

149 3393 312 3477 Vergilius
335 3414 464 3478 quoque
484 3395 519 3460 in
543 3394 595 3460 his
623 3395 722 3461 rebus
742 3394 887 3461 adversis
909 3395 1081 3460 narrandis
1104 3392 1218 3458 incidit
1243 3394 1278 3457 in
1297 3392 1388 3458 illum

149 3495 320 3578 affectum,
356 3517 395 3562 ex
424 3518 488 3581 qno
519 3504 698 3564 commotus
729 3499 827 3564 vertit
855 3504 1014 3583 seposta
1041 3498 1074 3562 in
1104 3497 1261 3562 Didonem
1290 3501 1388 3578 atque

148 3601 327 3685 interponit
348 3602 395 3665 sic
419 3601 566 3667 versibus
589 3624 681 3667 suum
705 3603 867 3668 affectum.
911 3601 951 3665 Ei
975 3607 1093 3681 antem,
1115 3602 1171 3684 qui
1184 3600 1253 3689 bos
1275 3621 1388 3664 versus

146 3703 259 3786 legunt
288 3704 338 3769 vel
371 3704 523 3785 audiunt,
556 3727 616 3789 per
644 3707 903 3790 inexspectatam
938 3705 1106 3788 enallagen
1140 3725 1235 3769 casus
1266 3703 1387 3767 diutins

149 3809 401 3892 accuratiusque
417 3809 541 3874 animos
557 3809 598 3873 ad
618 3809 707 3874 illam
729 3829 902 3892 personam
919 3807 1088 3873 advertere
1103 3813 1271 3890 coguntur,
1291 3805 1388 3870 simili

146 3911 247 3975 modo
263 3912 455 3992 excitantur,
479 3911 591 3977 eodem
608 3911 727 3978 affectu
744 3911 930 3979 afficiuntur
953 3917 1051 3995 atque
1073 3918 1178 3995 poeta.
1218 3909 1260 3974 Ut
1274 3910 1388 3994 paucis

152 4014 438 4098 comprehendam:
466 4016 555 4081 illam
588 4015 818 4102 apostropham
851 4036 890 4082 ex
918 4014 1038 4080 affectu
1056 4019 1176 4098 poetae·
1194 4013 1387 4098 profluxisse

149 4123 304 4201 apparet,
328 4123 427 4202 atque
446 4118 553 4203 figura
576 4120 701 4186 adscita
724 4125 774 4185 est
795 4119 935 4184 feliciter
958 4125 991 4183 et
1012 4117 1237 4202 pulcherrime,
1262 4138 1333 4181 cnm
1356 4117 1387 4180 ei

149 4221 205 4302 qui
228 4240 339 4286 versus
361 4222 473 4306 legunt
494 4223 545 4288 rel
577 4223 714 4288 audiunt
745 4222 841 4288 simul
863 4223 1052 4287 excitentur.
1097 4221 1151 4286 Sic
1173 4220 1301 4285 videtur
1321 4220 1386 4284 iam

150 4361 355 4372 ———..

233 4429 258 4496 l)
277 4427 312 4482 In
330 4429 477 4483 afferendis
494 4421 563 4483 loci's
581 4431 684 4486 usitari
708 4430 758 4482 has
782 4430 933 4484 editiones:
962 4425 992 4481 P.
1012 4425 1121 4496 Vergili
1142 4426 1267 4480 Maronis
1292 4437 1385 4496 opera.

145 4509 212 4568 Rec.
232 4513 265 4568 Ο.
282 4513 465 4583 Ribbeck,
484 4513 537 4569 nd.
549 4515 581 4568 Π
600 4516 687 4585 (Lips.
700 4515 833 4583 Teubn.);
856 4514 970 4569 Ovidius
988 4513 1070 4567 Naso.
1097 4511 1166 4566 Roc.
1184 4511 1218 4566 R.
1237 4511 1384 4594 Merkel,

146 4598 199 4654 Ed.
218 4599 251 4654 II
268 4617 327 4654 cur.
344 4599 380 4655 R.
397 4600 544 4656 Ehwald
563 4601 649 4672 (Lips.
667 4601 792 4668 Terbo).
