3342 5392
635 1397 953 1520 PRnEFnTIO.

267 1725 467 1808 Quamquam
489 1725 529 1789 de
548 1745 664 1807 genere
680 1723 807 1790 dicendi
831 1725 898 1804 sive
913 1725 1093 1790 elocutione
1110 1731 1280 1808 poetarum
1298 1727 1415 1792 Roma·

180 1849 304 1907 norum,
334 1828 374 1894 de
404 1828 566 1894 rhetorico
597 1829 775 1893 carminum
804 1834 1003 1907 ornamento,
1036 1828 1077 1893 de
1106 1830 1209 1913 tropis
1238 1851 1278 1894 ao
1304 1830 1416 1914 figuris

179 1937 403 1996 tractaverunt
430 1931 581 2014 permulti
612 1931 672 1995 viri
700 1930 801 2009 docti,
832 1931 866 1994 in
896 1931 1006 1996 multis
1032 1936 1141 1998 tamon
1171 1933 1416 2016 quaestiouibus

179 2034 276 2099 hodie
291 2055 420 2118 quoque
442 2035 519 2098 licet
534 2034 642 2099 dicere
662 2033 758 2111 idem,
782 2033 869 2118 quod
890 2034 1010 2117 legitur
1031 2035 1118 2118 apud
1139 2036 1357 2105 Frankium
1381 2036 1415 2100 iu

179 2138 382 2222 praefatione
405 2137 683 2202 commentationis
712 2159 796 2202 auno
823 2144 903 2203 1895
933 2137 1040 2203 editas
1051 2139 1076 2220 1)
1105 2159 1189 2222 quae
1218 2146 1268 2203 est
1293 2139 1334 2204 do
1357 2139 1415 2204 Sili

178 2241 285 2306 Italici
307 2241 501 2306 Punicorum
531 2240 659 2322 figuris:
690 2240 765 2319 „illa
789 2261 841 2304 res
868 2240 998 2305 minime
1028 2241 1108 2306 satis
1135 2242 1310 2325 explanata
1337 2249 1415 2308 est“.

180 2344 268 2409 ldem
285 2344 325 2408 de
341 2343 541 2428 apostropha
564 2348 733 2427 poetarum
750 2344 969 2408 Romanorum
981 2343 1102 2422 ualere,
1125 2343 1166 2408 ad
1183 2346 1275 2410 cuius
1292 2352 1415 2410 certam

180 2447 342 2532 quandam
365 2447 504 2530 speciem
520 2446 605 2510 hanc
623 2446 876 2529 disputationem
898 2447 1061 2530 portinere
1077 2448 1173 2527 volui,
1195 2450 1247 2512 vix
1263 2448 1416 2532 estquod

180 2571 335 2615 moneam.
373 2552 444 2630 Qua
465 2551 499 2614 in
521 2571 556 2615 re
578 2571 628 2614 me
650 2571 715 2614 non
731 2561 977 2629 ponderatorum
997 2572 1067 2614 csse
1082 2555 1153 2615 coia
1167 2557 1326 2616 Pieridum
1347 2559 1415 2616 loca

180 2660 293 2719 nullius
315 2665 386 2720 onte
405 2659 479 2718 trito
501 2661 575 2730 solo,
598 2653 709 2718 utillo
733 2653 862 2718 Lucreti
885 2653 944 2736 (IV
965 2661 978 2718 l
997 2658 1069 2737 sq.)
1082 2660 1166 2734 utar,
1195 2676 1260 2719 non
1282 2656 1414 2738 ignoro,

180 2758 236 2823 sed
265 2759 403 2841 primum
433 2756 562 2841 quidem
592 2777 815 2848 quaecumque
838 2757 878 2822 do
899 2758 1006 2841 ligura
1027 2758 1157 2841 prolata
1179 2759 1294 2837 inveni,
1320 2759 1416 2823 valde

138 2935 140 2940 ,
180 2860 327 2946 dispersa
358 2866 434 2926 sunt
460 2861 493 2924 in
523 2860 762 2926 commentariis
784 2860 836 2925 vel
866 2860 1159 2944 disputatiunculis,
1192 2883 1274 2946 quas
1300 2867 1415 2947 postea

179 2965 348 3030 occasione
371 2963 450 3028 data.
469 2963 620 3046 afferam3
648 2970 716 3029 tum
740 2984 815 3029 voro
839 2965 1013 3049 praecipue
1042 2964 1122 3030 illud
1149 2965 1321 3030 dolendum
1344 2987 1414 3030 esse

179 3068 281 3146 video,
311 3067 398 3151 quod
427 3068 488 3133 viri
518 3068 605 3133 docti
637 3089 764 3152 semper
790 3068 903 3151 paucis
929 3067 1123 3151 quibusdam
1147 3069 1302 3152 exemplis
1323 3070 1416 3133 inniti

180 3173 259 3236 satis
281 3171 474 3236 habuerunt.
514 3172 597 3251 Quin
613 3177 721 3236 tamen
736 3171 798 3236 hoc
814 3170 909 3236 modo
925 3171 965 3235 de
985 3171 1108 3254 figurae
1125 3171 1274 3237 universa
1289 3174 1415 3238 ratione

179 3282 278 3359 atque
304 3275 335 3339 vi
357 3278 410 3358 agi
433 3297 495 3340 non
525 3276 637 3359 possit,
666 3275 785 3340 nemini
814 3275 947 3340 dubium
977 3276 1047 3340 erit.
1091 3276 1283 3359 Priusquam
1306 3283 1415 3342 autem

180 3378 221 3443 ad
246 3400 339 3443 usum
367 3377 491 3462 figurae
519 3378 726 3443 tractandum
759 3380 865 3463 ipsum
895 3380 1097 3457 accedamus,
1127 3382 1225 3462 quam
1250 3381 1314 3444 vim
1338 3401 1415 3464 apo·

180 3481 333 3566 strophas
356 3481 514 3547 vocabulo
542 3481 674 3547 subesse
695 3482 828 3547 velimus
855 3481 1075 3565 quaerendum
1098 3483 1169 3546 erit.
1213 3483 1328 3566 Itaque
1350 3483 1415 3547 dis-

179 3585 379 3669 putationem
401 3606 504 3649 meam
530 3586 577 3649 ita
596 3585 774 3665 inst‘tuam,
797 3591 842 3650 ut
864 3587 1038 3668 primum
1061 3585 1108 3650 ds
1129 3586 1415 3670 apostrophae

180 3689 353 3754 notione
375 3709 506 3772 agam,
529 3694 629 3772 quot
652 3690 820 3772 species
843 3688 1011 3773 figuras
1032 3695 1193 3769 extent,
1214 3690 1414 3773 quomodo
1529 3694 1531 3696 ’

181 3814 253 3857 sae
289 3793 402 3858 inter
438 3815 483 3857 se
520 3791 749 3873 differant,
785 3792 833 3857 de
870 3813 950 3876 qua
987 3794 1129 3878 specie
1165 3795 1415 3858 accuratius

180 3901 373 3961 tractare
404 3896 504 3961 mihi
529 3897 570 3961 iu
598 3897 728 3961 animo
751 3897 824 3978 sit3
853 3896 917 3961 his
940 3917 1034 3961 vero
1058 3896 1268 3962 absolutis
1291 3898 1415 3961 omnia

180 3999 304 4064 huius
335 4001 496 4085 speciei
523 4000 728 4084 exempla,
758 4021 863 4083 quae
892 4001 1166 4065 inveniuntur
1189 4000 1295 4084 apud
1317 4000 1414 4065 Ver-

180 4103 328 4183 gilium
359 4111 398 4168 et
421 4103 609 4168 Ovidium
637 4093 787 4168 idoneo
811 4103 956 4168 ordine
980 4103 1192 4187 colligam,
1219 4103 1414 4168 collectis

181 4205 479 4285 demonstrem,
508 4228 587 4290 qua
609 4208 781 4271 ratione
804 4208 982 4291 permoti
1005 4212 1155 4291 postas
1177 4206 1282 4272 hano
1304 4205 1413 4288 figu-

180 4330 265 4374 ram
302 4309 554 4375 adhibuisse
583 4310 826 4391 videantur3
863 4310 1043 4394 deniquo
1080 4331 1125 4374 ex
1157 4310 1234 4374 hoc
1265 4309 1413 4374 funda-

268 4535 293 4600 1)
312 4532 353 4586 ef.
370 4529 543 4588 ‘Festschrift
561 4533 610 4588 der
627 4536 669 4588 43.
681 4533 761 4588 Vera.
781 4533 928 4588 deutscher
943 4532 1043 4588 Philol.
1059 4551 1087 4588 u.
1101 4527 1204 4616 Sohul(
1221 4531 1314 4602 (Bonu
1335 4534 1412 4600 1896)

179 4635 206 4688 n·
225 4620 323 4688 2lma·
1308 4624 1311 4630 '
